3038 5048
252 290 313 350 156
566 291 679 349 LIBER
696 291 885 351 SEPTIMUS.
920 294 1083 362 §ss-too.

144 471 164 549 ξ
187 470 228 535 98
335 465 431 551 Apud
452 467 615 534 Plautum:

401 567 503 648 Quia
525 588 595 653 ego
618 567 796 635 antehac
817 571 856 634 11
877 568 1010 632 amavi
1038 564 1085 652 [ct
1110 565 1206 629 milri
1234 569 1414 633 amicum

1026 685 1029 696 ·
1080 688 1165 731 csse
1187 671 1317 737 crevi.

248 765 344 856 cecc]
366 771 455 839 valet
479 772 644 856 eonstitui;
667 770 776 853 itaque
801 768 894 839 heres
916 789 988 837 oum
1003 769 1167 838 constituit
1183 787 1220 838 se
1246 770 1412 840 heredem

248 890 330 954 esse,
352 871 468 940 dicitur
489 873 635 956 Comere,
660 880 691 940 et
713 893 784 938 cum
806 870 841 937 id
863 871 955 957 fecit,
978 871 1135 939 Oreuisse.
1430 891 1446 940 5

142 978 226 1059 §99
333 974 429 1061 Apud
451 975 586 1043 eundem
609 976 695 1057 quod
717 981 783 1041 est:

97 1092 240 1146 11111111
405 1077 454 1142 mi
475 1079 727 1159 frequentem
749 1096 911 1161 operam
934 1073 1127 1158 dedistis,

249 1177 337 1244 valet
358 1177 537 1262 assiduum3
561 1179 670 1260 itaque
692 1178 748 1260 qui
769 1177 863 1244 adest
884 1176 1032 1244 assiduus
1054 1177 1120 1243 fere
1142 1196 1238 1261 quom
1260 1185 1407 1267 oportet,

248 1278 276 1346 is
305 1281 465 1363 frequens,
492 1276 556 1366 [cui
574 1276 769 1364 infrequens]
797 1279 915 1364 opponi
938 1280 1029 1345 solet.
1064 1279 1177 1360 ltaque
1202 1278 1283 1346 illud
1312 1281 1407 1363 quod

249 1382 382 1449 eaedem
404 1382 609 1448 mulierculae
632 1383 756 1449 dieunt:
1431 1400 1463 1453 to

292 1479 376 1569 [Pol
389 1480 497 1568 istoc]
514 1482 672 1565 quidem
688 1501 758 1550 nos
773 1481 907 1566 pretio
923 1482 1028 1549 tanti
1043 1487 1102 1550 est
1116 1483 1405 1569 frequentare,

292 1587 352 1650 itu
374 1586 414 1652 in
436 1584 605 1670 prandio
627 1603 698 1651 nos
720 1583 859 1668 lepide
881 1604 926 1649 ac
947 1583 1082 1651 nitide
1104 1582 1328 1668 accepisti,

94 1694 382 1771 (perusi-bopparet
411 1686 531 1753 dicere:
558 1687 652 1753 facile
676 1693 723 1753 est
746 1705 855 1753 curare
883 1692 918 1751 ut
945 1684 1102 1770 adsimus,
1131 1706 1202 1752 oum
1224 1691 1291 1752 tum
1314 1689 1404 1756 bene

248 1807 307 1854 nos
329 1787 479 1872 accipias.

121 1892 225 1969 §100
333 1889 429 1974 Apud
451 1890 600 1957 Funium:
1428 1911 1459 1961 15

401 1991 607 2059 decretum
629 1998 691 2060 est
712 1998 823 2060 sture
845 2011 1015 2077 corpora
1037 1992 1145 2059 telis.

248 2091 309 2161 boc
331 2094 463 2159 verbum
486 2095 581 2161 Ennii
602 2094 722 2162 dietum
744 2115 765 2160 1
787 2082 948 2177 fodiendo,
971 2113 991 2158 a
1013 2112 1076 2176 quo
1097 2094 1209 2160 Fossa.

252 2206 362 2298 mF.
382 2208 444 2299 fob
448 2208 481 2298 11
499 2244 590 2315 ptunti
607 2251 623 2298 e
707 2245 878 2314 propositum

246 2379 316 2448 dixi,
335 2381 500 2435 obscaenum
517 2385 606 2451 turpe.
627 2380 712 2435 Omen
729 2384 786 2447 est,
813 2381 886 2448 quod
904 2381 977 2434 unde
994 2379 1023 2434 id
1041 2379 1157 2448 dicitur,
1185 2396 1225 2449 os,
1252 2395 1363 2452 osmen,
1381 2398 1398 2438 e

246 2481 299 2534 quo
317 2467 336 2521 S
354 2463 495 2521 extritum'
516 2466 587 2535 LSp.
614 2496 646 2504 —
675 2469 690 2519 2
708 2481 789 2534 quom
805 2483 862 2536 pro
888 2465 952 2535 quic
973 2465 1090 2520 Plauti
1111 2464 1199 2520 libri
1221 2464 1287 2520 cist.
1308 2470 1332 2519 1.
1361 2495 1397 2506 —

245 2550 337 2605 1111111
355 2551 430 2605 ualet
446 2549 479 2618 F,
506 2565 577 2620 quoe
602 2549 699 2605 desunt
719 2566 757 2605 cs
779 2549 878 2606 Plauto
901 2550 1039 2621 suppleuit
1063 2550 1151 2618 vulg.
1178 2581 1211 2589 -
1236 2553 1331 2605 teres
1349 2551 1396 2621 1⁴²¹,

241 2633 315 2692 ieres
333 2634 378 2689 F2.
396 2668 430 2676 —
448 2651 529 2705 quom
546 2634 581 2702 H,
599 2636 662 2689 item
679 2635 765 2705 infru.
782 2665 815 2675 -
834 2639 849 2689 5
869 2639 989 2699 cernere]
1009 2649 1108 2688 canere
1125 2633 1157 2702 F,
1178 2649 1251 2689 corr.
1269 2634 1395 2692 Victo-

244 2722 330 2791 rius,
347 2721 434 2789 vulg.
462 2751 494 2759 —
522 2724 537 2774 6
556 2720 629 2788 quod
646 2724 689 2775 est
705 2721 751 2785 mi]
770 2736 822 2789 quo
841 2719 937 2775 desimi
954 2719 1021 2787 FG,
1040 2734 1092 2787 quo
1111 2719 1197 2774 desim
1213 2719 1249 2788 H,
1272 2735 1327 2789 quo
1345 2721 1397 2776 de·'

245 2807 298 2862 sini
316 2823 342 2876 u,
359 2823 412 2877 quo
431 2807 526 2860 desum
543 2804 577 2873 V,
595 2820 648 2872 quo
667 2805 700 2859 de
718 2804 780 2859 sinu
798 2805 888 2875 BMp
906 2804 1049 2874 Laetus,
1076 2819 1128 2872 quo
1147 2820 1256 2860 sensnm
1273 2804 1300 2872 b,
1319 2819 1395 2860 corr.

243 2890 473 2958 Augustinus.
491 2889 568 2956 conf.
587 2889 726 2943 Ritschl
743 2889 808 2944 bibl.
827 2889 905 2943 Alex.
924 2905 951 2958 p.
966 2894 990 2942 5.
1008 2889 1085 2960 opud
1101 2887 1232 2944 Plautum
1250 2895 1298 2943 rui
1315 2890 1394 2960 mibi,

243 2991 299 3028 uon
317 2975 362 3028 mi.
390 3005 424 3012 —
452 2977 466 3027 8
485 2973 612 3027 assiduus
630 2973 687 3027 fere
705 2979 795 3042 quom]
812 2975 920 3045 scripsi,
947 2973 1074 3028 assiduus
1096 2973 1181 3029 ferret
1204 2990 1282 3043 quem
1304 2974 1394 3030 libri

243 3060 325 3124 (ferre
338 3058 467 3112 Laetus
479 3059 511 3125 B,
530 3074 582 3126 que
594 3057 632 3125 M,
650 3074 721 3125 quae
733 3058 820 3126 vulg.
834 3075 894 3113 cum
906 3059 948 3123 B).
967 3057 1039 3113 ferre
1057 3074 1136 3127 quem
1154 3075 1266 3128 operum
1283 3064 1396 3129 oportet

242 3143 385 3209 Muller,
403 3142 458 3197 fert
475 3142 500 3196 ei
519 3158 630 3210 operum
649 3143 692 3197 cui
711 3146 819 3211 oportet
835 3142 965 3212 Italus,
983 3143 1055 3198 ferre
1073 3145 1169 3212 quiens
1187 3159 1257 3213 quae
1269 3144 1393 3201 Moser.

242 3223 321 3299 ‘fort
340 3226 466 3282 assiduus
484 3227 592 3295 fertque
610 3243 679 3295 quae
697 3231 814 3295 oportet,
830 3221 869 3282 is’
887 3227 958 3297 LSp.
983 3259 1016 3268 -
1044 3232 1059 3282 9
1077 3229 1111 3292 11]
1129 3229 1222 3297 vulg.
1241 3244 1279 3282 ecc
1296 3229 1329 3296 B,
1346 3229 1392 3285 his

242 3313 326 3368 libri
343 3312 407 3378 (hiis
424 3318 462 3382 p).
490 3342 522 3349 -
549 3311 677 3379 frequens
696 3311 741 3364 cui
758 3311 924 3380 infrequens]
943 3313 1043 3384 scripsi
1060 3328 1121 3366 cum
1138 3312 1214 3382 LSp,
1240 3312 1294 3367 ruisi
1317 3313 1394 3382 quod

241 3398 267 3452 is
294 3398 421 3466 frequens
450 3397 552 3451 dicitur
578 3398 621 3453 eui
647 3398 813 3466 infrequens.
837 3427 871 3435 —
897 3396 1008 3468 opponi]
1035 3398 1170 3468 uppelluri
1196 3397 1392 3453 Turnebus.

242 3513 275 3522 —
304 3488 335 3536 10
352 3499 393 3552 sq.
417 3483 529 3537 dicunto
556 3482 718 3551 FGHVp,
746 3483 842 3536 dicunt
868 3482 897 3535 M
924 3482 987 3550 1111,
1014 3483 1157 3549 Laetus,
1183 3483 1233 3538 Pol
1256 3483 1327 3538 istoc
1353 3499 1392 3538 erc

241 3566 341 3622 Plauto
360 3566 483 3620 additum
501 3574 548 3621 est.
574 3598 608 3605 —
637 3571 666 3621 11
686 3567 802 3635 quidem]
822 3566 947 3634 quidest
965 3584 997 3635 1,
1024 3568 1071 3637 qui
1093 3569 1127 3623 de
1143 3568 1178 3635 V,
1204 3569 1276 3638 quod
1294 3567 1329 3621 H.
1356 3598 1391 3606 -

241 3652 322 3715 tanti]
344 3651 434 3720 ptenti
451 3650 485 3719 F,
510 3653 606 3720 pounti
623 3651 685 3721 Vp,
712 3668 761 3720 per
784 3651 855 3706 tenti
876 3651 915 3719 M,
941 3653 1087 3718 Laetus,
1114 3654 1147 3721 B,
1172 3653 1243 3708 tuuti
1266 3651 1390 3708 GHub.

241 3735 322 3790 facile
346 3735 465 3791 Plauti
487 3736 589 3805 libri,
616 3736 748 3806 perfacile
765 3736 902 3791 Mitller.
928 3736 996 3792 mibi
1011 3753 1029 3806 p
1047 3747 1137 3792 orrum
1154 3754 1212 3794 csse
1229 3737 1335 3792 uidetur
1352 3752 1392 3792 ccc

239 3819 317 3889 falso
330 3821 436 3889 optanti
448 3821 646 3892 (pretioptunti)
659 3821 784 3876 lectione.
801 3817 881 3891 ‘sort
899 3822 995 3878 dicunt
1011 3823 1085 3879 lstoc
1103 3824 1212 3893 quidem
1229 3839 1280 3877 nos
1297 3821 1389 3890 pretio

240 3903 287 3972 pol
310 3906 382 3961 111111
404 3899 460 3961 est'
484 3905 555 3976 LSp.
582 3936 615 3945 -
642 3906 826 3976 frequentare]
854 3905 1029 3975 frequentare
1055 3909 1107 3963 tibi
1132 3908 1261 3975 utilisque
1285 3906 1389 3962 habere

240 3991 330 4057 apud
348 3989 506 4045 Plautum
525 3992 594 4058 (cod.
612 3996 665 4047 vet.
685 3992 778 4058 cumb.
798 4021 829 4029 —
850 3994 881 4044 12
900 3995 942 4056 uc]
960 3995 1042 4059 utque
1059 3993 1148 4062 upnd
1163 3990 1335 4046 Plautum.
1354 4021 1389 4031 -

242 4075 272 4126 13
292 4078 334 4126 111
352 4075 454 4129 currite
472 4080 503 4131 ut
520 4076 615 4131 asinus
632 4076 665 4131 V.
689 4107 724 4114 —
751 4092 832 4144 quom
849 4076 884 4129 Η.
912 4107 946 4115 -
972 4080 1036 4141 tum]
1054 4076 1108 4130 ium
1125 4074 1157 4141 F,
1175 4089 1247 4127 corr.
1265 4072 1387 4142 Italus,

239 4155 325 4224 vulg.
345 4188 376 4196 -
398 4163 429 4212 16
447 4165 489 4214 111
507 4177 557 4214 om.
575 4179 603 4230 p.
622 4191 656 4199 —
673 4160 757 4231 sture]
775 4160 881 4215 fossere
898 4162 987 4228 vulg.
1006 4173 1043 4214 erc
1054 4161 1087 4226 B,
1104 4157 1204 4212 fossuri
1217 4159 1387 4229 Columna,

239 4245 313 4297 sture
325 4245 353 4296 et
364 4242 465 4298 fossuri
476 4244 598 4313 Bergk.
611 4244 680 4299 mibi
690 4245 779 4316 mauis
788 4246 900 4317 placcat
912 4249 986 4300 sture
998 4248 1026 4299 et
1037 4241 1161 4298 lodicuri.
1179 4271 1213 4281 -
1232 4247 1263 4298 11
1276 4243 1341 4298 enni
1357 4263 1386 4314 p.
