3038 5048
205 315 245 372 92
544 315 658 369 crura
676 315 824 371 sursus.
862 321 877 383 s·
898 321 1007 370 sr-sr.

205 487 302 554 etiam
324 487 360 553 fit
381 488 467 571 quod
488 497 616 574 praetor
637 489 778 555 urbanus
800 490 968 572 quotannis
990 490 1078 574 facit,
1102 509 1198 572 quom
1217 490 1352 557 Herculi

98 591 117 672 ἓ
139 595 179 656 55
202 589 348 656 immolat
372 592 501 676 publice
530 592 705 659 iuvencam.
763 592 815 658 Ab
843 591 956 659 eodem
984 592 1083 660 verbo
1104 592 1181 658 Fari
1203 591 1352 658 Fabulae

206 699 240 758 ut
260 693 445 777 tragoediae
467 699 500 763 et
521 693 706 761 comoediae
735 693 849 761 dictae
893 694 976 761 Hinc
1003 695 1097 760 Fessi
1124 715 1164 760 ac
1191 693 1350 779 Confessi,

205 795 260 880 qui
282 796 339 861 fati
361 796 395 861 id
418 796 503 878 quod
524 796 609 864 ab“
588 816 629 863 us
651 797 839 879 quaesitum
883 797 966 864 Hinc
979 798 1134 880 Professi3
1157 795 1232 864 binc
1246 797 1360 865 Fama

206 903 237 963 et
258 898 397 965 Famosi.
440 899 492 965 Ab
515 898 629 965 eodem
647 899 740 982 Falli,
763 899 822 964 sed
844 905 877 966 et
890 900 1021 966 Falsum
1044 904 1077 967 et
1090 899 1244 984 Fallacia,
1267 912 1379 981 quaec

53 1008 389 1086 ‹taessopropterea
424 1000 509 1120 quod
538 999 635 1068 fando
664 1021 760 1085 quem
790 1001 908 1088 decipit
936 1023 975 1070 ac
1003 1008 1113 1068 contra
1142 1021 1239 1083 quam
1267 1001 1352 1067 dixit

204 1105 290 1170 iacit.
333 1105 447 1185 Itaque
475 1103 504 1169 si
533 1104 604 1184 quis
630 1124 666 1169 re
692 1103 791 1187 fallit,
824 1105 858 1170 in
886 1104 946 1172 boc
973 1125 1037 1172 non
1065 1105 1192 1190 proprio
1222 1107 1351 1172 nomine

205 1207 348 1289 faHacia,
381 1205 441 1273 sed
467 1205 641 1289 tralaticio,
674 1210 709 1271 ut
730 1227 750 1272 a
772 1207 855 1291 pede
877 1214 984 1275 nostro
1005 1226 1065 1293 pes
1086 1207 1221 1289 lectiae
1243 1207 1350 1274 betae.

205 1309 288 1375 Hinc
310 1309 407 1376 etiam
429 1307 666 1392 Famigerabile
689 1314 720 1373 et
741 1308 787 1374 sic
809 1309 1027 1394 compositieia
1048 1310 1113 1375 alia
1137 1311 1214 1376 item
1236 1316 1273 1375 ut
1294 1308 1349 1376 de·

206 1411 324 1477 clinata
345 1412 455 1496 multa,
476 1411 509 1475 in
532 1428 595 1492 quo
617 1417 650 1475 et
671 1410 792 1477 Fatuus
814 1418 846 1478 et
867 1413 1000 1479 Fatuae.
1372 1423 1399 1473 ro

99 1514 119 1592 ᾗ
142 1515 183 1577 56
290 1513 393 1596 Loqui
414 1513 456 1579 ab
479 1513 549 1579 loco
572 1510 706 1595 dictum,
739 1513 825 1597 quod
854 1514 910 1596 qui
938 1515 1039 1600 primo
1061 1514 1176 1582 dicitur
1202 1514 1352 1580 iamfati

53 1617 364 1685 omre-orooabula
385 1621 417 1681 et
438 1615 563 1698 reliqua
584 1614 684 1681 verba
706 1614 784 1680 dicit
815 1622 890 1682 anto
923 1635 1019 1699 quam
1041 1636 1099 1684 suo
1122 1617 1257 1701 quisque
1279 1618 1351 1684 loco

207 1739 247 1785 ea
269 1718 376 1785 dicere
398 1724 513 1802 potest.
542 1717 636 1783 Hunc
650 1716 847 1802 Chrysippus
869 1724 967 1801 negat
988 1720 1086 1806 loqui,
1108 1720 1167 1786 sed
1188 1726 1224 1786 ut
1244 1720 1351 1805 loqui,

206 1840 305 1904 quare
327 1827 362 1886 ut
383 1821 490 1905 imago
512 1820 650 1887 hominis
670 1839 734 1886 non
756 1821 799 1886 sit
819 1820 931 1905 homo,
964 1823 1011 1889 sic
1040 1823 1074 1888 in
1096 1823 1216 1907 corvis,
1249 1824 1350 1888 corni-

143 1982 147 1991 .
206 1925 305 2007 cibus,
328 1924 434 2009 pueris
455 1923 601 2007 primitus
623 1923 847 2007 incipientibus
868 1924 929 1990 fari
950 1925 1051 1991 verba
1073 1945 1137 1991 non
1152 1945 1224 1991 esse
1239 1926 1350 2010 verba,
1372 1936 1399 1986 15

207 2027 292 2108 quod
314 2047 377 2093 non
398 2026 576 2107 loquantur.
619 2027 720 2110 Igitur
740 2026 769 2090 is
791 2026 961 2111 Loquitur,
996 2028 1050 2109 qni
1076 2047 1134 2095 suo
1156 2027 1228 2095 loco
1250 2028 1351 2110 quod-

207 2148 270 2211 que
283 2129 417 2196 verbum
431 2129 535 2194 sciens
549 2130 648 2213 ponit,
671 2135 704 2194 et
725 2128 821 2194 istum
835 2128 1049 2214 Prolocutum,
1071 2149 1167 2212 quom
1188 2130 1222 2196 in
1243 2130 1351 2197 animo

99 2233 119 2311 ξ
142 2237 182 2298 57
206 2232 293 2314 quod
315 2230 436 2315 habuit,
459 2231 573 2298 extulit
595 2230 764 2312 loquendo.
816 2230 900 2298 Hinc
922 2230 1068 2298 dicuntur
1089 2231 1207 2312 Eloqui
1229 2252 1269 2298 ac
1290 2234 1350 2298 Re·

206 2335 295 2418 loqui
318 2335 350 2399 in
371 2334 454 2400 fanis
470 2333 599 2400 Sabinis
615 2354 634 2400 e
648 2334 731 2400 cella
745 2334 808 2401 Dei
823 2335 878 2416 qui
900 2333 1099 2416 eloquuntur.
1142 2333 1226 2400 Hinc
1248 2332 1352 2401 dictus

206 2504 242 2557 ad
259 2503 333 2557 Fest.
352 2521 379 2572 p.
399 2507 441 2567 35,
460 2505 501 2570 25,
518 2502 652 2556 Mttller.
687 2497 765 2571 ‘fort
783 2502 831 2556 ubi
847 2502 885 2568 id,
904 2499 1108 2557 oliminfano'
1127 2501 1200 2571 LSp.
1229 2531 1263 2541 —
1289 2519 1353 2571 pro-

206 2587 338 2651 fanatum]
362 2588 438 2657 LSp,
465 2587 612 2657 profanum
633 2587 723 2641 libri.
751 2619 785 2628 -
815 2587 938 2651 letiam]
961 2581 1041 2656 ‘fort
1064 2587 1146 2642 etiam
1169 2580 1256 2641 nunc'
1281 2585 1355 2656 LSp,

207 2674 353 2728 etiamnum
380 2672 409 2726 id
435 2673 507 2741 quod
533 2672 701 2728 Bucholer
727 2674 784 2727 ind.
811 2674 873 2729 lect.
901 2674 990 2729 Bonn.
1017 2675 1085 2726 aest.
1109 2676 1174 2726 1876
1200 2690 1229 2742 p.
1250 2677 1290 2726 12.
1320 2703 1355 2712 -

206 2761 325 2827 praetor]
342 2758 428 2826 vulg.
446 2773 485 2811 ece
501 2758 534 2825 Β,
553 2757 595 2811 .P.
614 2758 656 2811 Β.
676 2758 760 2812 libri
778 2763 841 2830 (po'.
860 2759 966 2826 Rord),
982 2757 1101 2827 populus
1118 2774 1247 2812 romanus
1265 2757 1354 2813 Lac-

206 2849 270 2898 tus.
289 2874 321 2882 —
339 2843 468 2906 urbanus]
486 2842 544 2898 vul
550 2861 575 2911 g.
594 2859 632 2898 cx
649 2844 681 2911 B,
699 2844 752 2898 urb
770 2844 790 2912 f,
816 2844 884 2898 urbe
900 2843 936 2911 H,
963 2843 1058 2897 urbem
1075 2859 1102 2910 a,
1128 2843 1194 2898 urbs
1211 2844 1250 2911 M,
1277 2844 1353 2899 urbis

207 2929 327 2983 ceteri.
355 2958 388 2966 —
414 2922 491 2997 ‘sort
517 2933 650 2996 quotquot
672 2925 762 2984 annis'
783 2929 855 2999 LSp.
881 2959 915 2967 -
942 2928 1073 2998 asperia
1090 2927 1144 2983 oid.
1162 2934 1190 2982 et
1206 2928 1261 2982 furi
1278 2934 1306 2983 et
1322 2934 1355 2983 ut

206 3012 364 3081 tragoediae
381 3017 410 3066 et
427 3013 591 3068 comoediae.
618 3044 652 3052 -
679 3019 695 3068 4
712 3014 756 3080 iis]
775 3015 810 3081 H,
835 3013 889 3068 hiis
906 3012 927 3081 f,
946 3012 989 3066 his
1007 3012 1127 3067 ceteri.
1155 3043 1188 3052 -
1215 3018 1231 3068 5
1249 3015 1298 3068 sed
1316 3018 1353 3078 et]

207 3096 247 3150 sic
265 3101 292 3150 et
310 3096 429 3151 Reiter
446 3114 472 3166 p.
493 3102 550 3152 117.
579 3128 612 3138 -
639 3104 654 3151 t
674 3097 750 3163 facit]
769 3099 814 3153 fac
831 3102 863 3152 ut
880 3096 920 3164 H,
945 3097 1032 3152 faciat
1053 3097 1130 3166 ΜΒ,
1156 3097 1290 3153 Laetus.
1319 3129 1352 3138 —

206 3183 314 3237 nomine
332 3199 386 3236 om.
397 3183 455 3251 Vp.
474 3213 508 3221 —
527 3183 666 3238 Stralatio
683 3183 769 3238 libri
787 3182 941 3249 (translatio
949 3182 988 3250 Μ,
1006 3182 1155 3251 Laetus),
1172 3183 1353 3238 translatione

207 3267 290 3334 vulg.
310 3284 347 3322 eac
364 3269 396 3322 Β.
416 3284 487 3322 corr.
506 3268 700 3339 Scioppius.
720 3299 753 3306 —
771 3273 786 3322 9
804 3267 999 3335 famigerabile]
1016 3268 1057 3322 sic
1074 3276 1170 3338 operte
1186 3267 1287 3337 Mvp,
1310 3269 1353 3323 fa·

206 3353 291 3421 miger
316 3353 408 3407 habile
433 3353 575 3421 GHabi,
601 3353 727 3422 famiger,
754 3352 838 3407 labile
864 3353 990 3407 Laetus
1008 3357 1091 3420 (tacet
1115 3353 1204 3422 Vtra),
1230 3353 1352 3423 famiger,

207 3437 316 3494 affabile
332 3440 418 3507 vulg.
442 3455 479 3494 ex
496 3440 528 3493 Β.
556 3470 591 3479 -
617 3439 777 3507 compositis
801 3439 847 3493 Gr
854 3439 892 3506 B,
909 3439 1066 3506 Laetus,
1093 3439 1274 3508 compositius
1291 3440 1352 3508 Vb,

208 3525 359 3594 composita
375 3524 460 3593 vulg.
487 3554 522 3562 -
542 3518 624 3595 ‘fort
642 3529 670 3580 et
687 3523 825 3578 declinata
841 3524 884 3578 vel
900 3528 931 3579 ut
947 3523 1034 3588 multa
1051 3520 1200 3579 declinata’
1214 3524 1291 3593 ,LSp.
1319 3555 1353 3564 -

210 3615 239 3665 10
258 3610 361 3674 fatuae]
389 3610 480 3678 dfffl
505 3609 582 3665 fatue
608 3609 734 3676 ceteri,
764 3609 842 3664 fatua
868 3610 911 3665 vel
936 3609 1037 3664 faunus
1065 3609 1286 3679 Augustinus.
1319 3641 1352 3650 -

210 3700 240 3751 12
258 3695 403 3759 uocabula]
426 3694 465 3762 H,
494 3695 538 3761 ·Ι·
566 3695 700 3749 vocabula
722 3695 746 3749 F
770 3695 848 3764 apud
874 3693 979 3749 Victor.
997 3701 1029 3750 ut
1049 3695 1113 3761 oid,
1139 3712 1158 3749 a
1174 3694 1353 3750 uocabula&

207 3781 354 3850 MVafp,
376 3784 404 3834 et
422 3780 555 3835 vocabula
570 3781 707 3835 Laetus.
726 3811 758 3820 -
777 3781 896 3849 quidque
913 3782 1142 3850 Augustinus,
1168 3781 1294 3849 quodque
1310 3781 1352 3834 ia·

206 3866 264 3935 fra.
287 3864 366 3935 ‘fort
386 3881 493 3934 quoque
509 3865 552 3920 vel
569 3866 676 3934 quique,
693 3865 747 3921 oid.
766 3866 897 3920 Lachm.
916 3867 953 3921 ad
970 3866 1079 3920 Lucret.
1097 3865 1134 3932 H,
1152 3860 1215 3918 371‘
1234 3864 1306 3935 LSp.
1319 3896 1353 3904 -

209 3955 239 4004 13
258 3951 394 4020 crisippus
406 3951 570 4021 plerique.
589 3981 623 3990 -
642 3956 673 4004 16
685 3952 867 4019 loquebantur
877 3951 973 4020 libri,
991 3968 1063 4006 corr.
1075 3950 1161 4016 vulg.
1180 3979 1215 3990 —
1235 3955 1265 4004 17
1276 3951 1351 4005 istud

207 4036 341 4090 Mdller.
359 4066 393 4073 —
410 4037 583 4105 prolocutum
600 4036 715 4090 dicimus
732 4036 822 4105 vulg.
840 4053 879 4091 eo:
895 4038 927 4092 B.
951 4036 1004 4091 istc
1025 4033 1196 4107 proloquitur
1213 4035 1351 4091 Laetus.

207 4150 240 4160 -
260 4124 291 4174 18
309 4121 407 4188 eloqui]
420 4122 507 4188 vulg.
520 4137 558 4176 ecc
568 4122 601 4188 Β,
613 4121 749 4188 eloquium
765 4122 858 4175 libri.
878 4153 910 4160 -
928 4121 1042 4189 reloqui]
1054 4117 1139 4184 vulg.
1154 4134 1192 4173 ex
1202 4119 1235 4184 Β,
1253 4119 1353 4187 reliqui

207 4204 299 4258 libri.
318 4206 356 4274 cs.
374 4206 507 4261 Lachm.
526 4205 562 4260 ad
579 4206 660 4260 Lucr.
679 4220 705 4272 p.
717 4209 775 4260 306.
793 4203 835 4260 ‘ac
852 4207 949 4275 reliqui
965 4206 1034 4275 fort.
1047 4198 1107 4256 dcl?
1120 4202 1189 4270 LSp.
1209 4232 1242 4242 —-
1262 4207 1293 4257 19
1305 4202 1353 4271 qui

208 4291 389 4365 deloquuntur
406 4293 512 4363 abfp,
536 4293 600 4365 quid
623 4291 797 4361 alloquuntur
815 4288 877 4356 GV,
903 4289 950 4362 qui
973 4289 1137 4359 eloquuntur
1161 4287 1269 4343 ceteri
1288 4293 1350 4355 (tac.
