3038 5048
647 257 683 311 De
701 257 864 313 editionibus.
948 295 949 298 =
1237 272 1333 312 mm

269 439 288 511 ξ
312 439 349 496 41
376 451 438 492 cum
465 441 546 490 orato
575 448 621 488 res
649 433 743 488 maior
770 431 843 507 oroi]
874 430 897 504 f.
927 438 1020 488 oratu.
1048 440 1076 489 at
1101 431 1167 490 illud
1200 433 1227 490 iu
1256 434 1332 494 nullo

372 519 470 592 legitur
491 517 576 581 libro,
601 533 693 574 omnes
715 533 776 572 oum
797 533 843 572 res
865 517 973 572 maiore
994 517 1105 573 radone
1128 517 1262 575 exhibent.

268 607 311 671 lll,
337 607 376 663 34
400 603 474 676 puori
494 608 522 658 ct
541 598 678 675 homines]
700 600 722 673 s.
744 618 787 657 en.
810 602 846 658 ita
866 600 929 657 libri
950 600 1056 674 scripti.
1082 600 1180 659 Laetus
1203 609 1229 659 et
1251 603 1333 664 dedit

268 688 409 748 Interdum
431 687 554 745 codicum
575 687 639 743 dicit
659 685 806 751 lectiones,
833 702 901 760 quae
924 685 1066 742 doctorum
1087 697 1152 742 sunt
1172 696 1331 753 commenta,

183 787 215 835 ut
237 775 278 840 Vl,
304 777 341 833 67
365 773 432 830 hinc
462 773 504 829 nii
535 787 578 827 me
609 771 805 845 increpitundo
839 769 1003 844 commoves]
1034 766 1114 827 Alius
1145 770 1175 828 V.
1206 770 1235 829 0.
1267 772 1333 830 lvinc

183 860 333 918 machinae
359 860 391 915 in
418 857 582 930 crepitando
605 862 784 912 commouent.
816 855 844 913 in
872 855 947 912 nullo
974 854 1044 913 libro
1074 855 1184 912 varietas
1212 866 1332 932 apparet,

185 946 235 1002 nisi
257 945 283 1000 in
305 961 323 1019 p
345 942 535 1016 increpando,
571 951 601 998 ut
629 942 675 1014 qui
702 940 770 997 illud
798 940 987 1015 excogitaverit
1014 940 1121 1014 ingenio
1143 940 1211 1000 male
1232 940 1334 1001 abusam

184 1031 228 1088 sit.
259 1029 300 1093 Vl,
318 1031 357 1088 95
379 1023 516 1100 indicium]
540 1041 566 1098 p.
581 1042 610 1082 c.
626 1042 650 1082 c.
668 1023 817 1097 Etiepa'um.
846 1026 874 1081 in
896 1024 972 1082 nullo
995 1023 1048 1082 hoo
1068 1025 1201 1083 invenitur
1222 1028 1333 1102 scripto,

184 1116 231 1172 sed
259 1114 337 1171 tacite
363 1113 399 1169 ita
428 1112 583 1168 Ciaoconius
610 1110 644 1167 ad
671 1109 723 1167 col.
752 1119 833 1168 rostr.
862 1128 891 1185 p.
913 1111 953 1168 20
978 1110 1103 1167 Varronis
1129 1111 1221 1168 locum
1247 1111 1335 1170 affert.

186 1199 237 1263 Vll,
263 1200 300 1258 12
322 1199 413 1255 celius
437 1193 527 1270 tueor]
551 1195 585 1264 Q.
605 1194 635 1254 V.
655 1194 685 1252 G.
704 1197 846 1269 pupilium
868 1202 956 1260 tueor,
980 1211 1049 1269 quae
1069 1206 1160 1270 eperia
1182 1205 1224 1254 est
1244 1198 1334 1255 inter-

182 1284 299 1359 polatio,
322 1299 372 1340 uec
391 1282 482 1339 callus
505 1280 567 1338 libri
588 1281 732 1355 praebent,
766 1280 813 1338 sed
836 1280 900 1339 dcii.
924 1279 994 1343 Vlll,
1018 1283 1056 1339 51
1080 1281 1284 1357 indiligentius]
1306 1298 1334 1357 p.

188 1368 215 1427 l'.
234 1366 485 1440 &indignantium
508 1367 613 1441 egregia
629 1377 670 1423 est
685 1365 834 1424 emendatio
849 1365 1051 1438 indiligentius,
1075 1381 1136 1422 uam
1157 1365 1217 1424 libri
1238 1383 1332 1426 omues

181 1453 371 1525 inculpandos
392 1451 531 1527 praebent,
554 1451 581 1506 in
604 1451 678 1507 nullo
702 1466 765 1508 vero
787 1449 876 1507 inveni
897 1450 1102 1522 indignantium

266 1538 298 1610 ll,
315 1541 352 1598 37
371 1536 506 1610 Sequitur
521 1537 619 1592 tertius
642 1538 719 1593 locus
742 1551 815 1608 punc
836 1536 874 1592 sit
894 1535 969 1591 ratio
992 1543 1018 1591 et
1036 1536 1195 1609 proportio,
1218 1553 1290 1610 quoe
1313 1552 1335 1596 a

115 1635 117 1639 ·
184 1621 304 1680 Graecis
324 1629 444 1679 cocotur
458 1613 633 1698 ἀνάλογον,
654 1620 720 1677 hinc
742 1621 818 1676 dicta
841 1617 988 1694 anologio]
1003 1636 1030 1692 p.
1051 1619 1078 1678 V.
1097 1619 1126 1680 C.
1138 1624 1333 1694 proportione.

183 1725 201 1764 u
225 1705 336 1765 Gracco
357 1713 477 1763 uocatur
498 1708 535 1763 ub
558 1701 704 1782 oiuoie'ym
727 1706 813 1762 dicto.
849 1705 987 1779 scriptoris
1009 1705 1070 1761 usui
1091 1705 1247 1764 adversatur
1267 1707 1335 1764 illud

181 1792 216 1849 ab
238 1788 385 1869 ἅναλέγω
408 1808 458 1848 uec
478 1791 505 1846 in
528 1789 602 1847 libris
624 1799 743 1865 apparet.
772 1791 800 1846 iu
829 1790 870 1847 his
898 1807 958 1847 cum
987 1790 1023 1847 sit
1046 1791 1122 1846 ratio
1147 1793 1333 1865 proportione

182 1893 201 1934 u
222 1879 334 1951 praecis
355 1882 495 1932 cocuntur
515 1877 673 1948 unulopon,
697 1875 733 1932 uh
755 1876 879 1947 unulopo
902 1876 978 1932 dictu
1000 1876 1151 1948 unuiopiu,
1180 1876 1335 1951 simpliciter

182 1962 355 2019 scribendum
383 1969 438 2017 est:
472 1961 549 2017 ratio
573 1961 769 2034 proportione.
803 1976 837 2016 co
862 1957 980 2017 Graecis
1009 1967 1128 2017 uocatur
1155 1953 1331 2041 ἀνάλογον,

183 2048 220 2105 ub
243 2047 387 2118 unolopon
409 2046 484 2101 dicto
506 2046 653 2117 anologio.

268 2131 335 2188 haec
355 2129 433 2186 variis
461 2129 575 2187 istorum
608 2129 730 2187 codicum
762 2126 920 2185 lectionibus
954 2128 1059 2186 aliunde
1085 2145 1140 2186 nou
1172 2129 1335 2190 confirmatis
1438 2149 1440 2153 ⁴

182 2215 283 2273 nullam
304 2214 382 2272 fidem
405 2231 464 2272 esse
484 2213 633 2272 habendam
654 2215 760 2271 docent.

267 2301 322 2357 Nos
343 2300 446 2357 fontem
468 2299 600 2364 lectionis,
622 2300 667 2357 i.e.
691 2299 809 2356 codicem
831 2297 850 2353 p
871 2299 899 2354 iu
922 2299 1072 2372 corruptis,
1106 2314 1141 2354 ue
1163 2300 1334 2358 coniecturae

181 2385 259 2443 locus
281 2385 454 2443 emendaturo
476 2385 590 2450 deesset,
613 2385 641 2441 in
663 2383 750 2441 dubiis
772 2392 800 2440 et
820 2383 949 2461 incertis,
965 2399 1000 2440 ue
1022 2383 1154 2439 deteriora
1175 2382 1332 2442 melioribus

181 2470 399 2546 praeferrentur,
433 2470 461 2526 in
483 2469 607 2527 omnibus
628 2469 701 2534 fere,
735 2476 767 2526 ut
795 2484 865 2542 quae
895 2484 928 2523 ex
955 2468 1114 2542 antiquitate
1136 2467 1214 2525 nohis
1237 2470 1334 2528 tradita

182 2565 272 2614 essent
287 2562 422 2612 constaret
436 2556 521 2613 secuti
535 2572 645 2621 sumus;
668 2554 749 2611 huius
770 2553 875 2624 integra
889 2553 977 2610 addita
1001 2561 1043 2610 est
1067 2553 1179 2610 varietas
1202 2553 1333 2628 neglectis

181 2639 356 2715 apographis,
380 2656 448 2714 quae
469 2639 516 2697 ubi
539 2639 603 2714 quid
624 2640 692 2697 scitu
714 2647 761 2695 aut
782 2646 932 2694 memoratu
953 2638 1023 2694 haud
1051 2638 1189 2712 indiguum
1213 2640 1332 2705 tradunt,

182 2734 328 2799 appaream
362 2740 444 2799 quare
466 2733 493 2783 et
514 2733 624 2781 nostrae
645 2735 672 2783 et
693 2723 807 2780 aliorum
829 2723 970 2797 opiniones
992 2721 1063 2780 haud
1089 2723 1279 2797 improbabiles
1301 2726 1328 2781 iu

182 2809 311 2866 inferiore
337 2809 456 2883 margine
483 2809 635 2866 indicantur
657 2819 685 2867 et
704 2824 766 2865 raro
795 2807 970 2872 factumest,
1005 2817 1036 2865 ut
1065 2808 1207 2866 doctorum
1237 2826 1333 2868 emen-

182 2895 316 2958 dationes,
351 2911 401 2951 nec
427 2895 478 2950 nisi
506 2911 574 2970 quae
602 2894 675 2951 omui
703 2892 869 2950 cavillatione
900 2892 1056 2951 viderentur
1088 2910 1146 2951 esse
1178 2895 1332 2969 superiores

181 2980 376 3054 reciperentur.

267 3064 387 3120 Priorem
408 3072 530 3121 nostram
552 3080 676 3137 operam,
710 3079 791 3138 quam
818 3062 896 3120 nobis
924 3063 988 3138 ipsis
1011 3079 1067 3119 non
1088 3063 1196 3138 placere
1218 3065 1333 3122 confessi

182 3147 321 3223 sumus,¹)
352 3146 432 3222 paulo
461 3157 525 3223 post
552 3150 669 3206 Odofr.
692 3147 819 3206 lliiller
844 3149 961 3222 excepit;
996 3148 1018 3204 is
1046 3149 1092 3222 qui
1120 3149 1172 3205 iam
1199 3158 1277 3206 antea
1305 3151 1334 3206 in

183 3233 317 3307 corruptis
339 3233 455 3305 capnitis
475 3247 551 3297 ovis
573 3235 664 3291 lucum
687 3234 872 3308 terticepsors
889 3235 990 3300 lucum,
1014 3234 1219 3307 puerticcpsos
1241 3235 1334 3291 lucum

183 3319 395 3392 praepositiones
417 3332 504 3381 outs
527 3327 554 3375 et
575 3333 627 3382 cis
649 3318 733 3376 latere
754 3317 959 3393 perspexerant)
982 3325 1010 3375 et
1030 3317 1093 3376 huic
1114 3319 1207 3376 oritim
1229 3318 1335 3376 muneri

182 3419 274 3477 parem
296 3419 385 3476 neque
407 3404 583 3476 grammaticis
605 3403 758 3461 inferiorem
779 3421 808 3460 se
831 3403 955 3470 ostendit,
979 3404 1002 3460 si
1022 3404 1112 3460 minus
1128 3403 1250 3460 celeriter
1264 3403 1335 3460 Var-

182 3503 278 3544 ronem
308 3486 464 3545 absolvisset
490 3486 559 3562 (eius
587 3490 657 3547 enim
685 3488 767 3546 editio
794 3488 921 3562 inscripta
950 3496 991 3544 est
1011 3488 1113 3545 verbis:
1147 3487 1286 3544 emendata
1308 3497 1335 3545 et

182 3579 309 3629 annotata
332 3588 403 3628 auno
418 3571 650 3650 llllddclllllllll),
673 3590 729 3630 non
751 3571 844 3630 dubito
867 3574 932 3647 quin
947 3573 1072 3647 scriptori
1087 3572 1172 3629 multo
1188 3571 1334 3630 feliciorem

183 3673 292 3732 operam
314 3657 503 3731 praestitissem
526 3659 618 3717 insunt
640 3659 710 3718 euim
732 3658 897 3732 compluria,
921 3675 990 3732 quae
1011 3675 1027 3714 a
1048 3657 1126 3714 nohis
1148 3657 1248 3713 frustra
1269 3665 1334 3715 ten·

184 3751 238 3799 tata
261 3742 368 3816 egregie
388 3743 529 3818 expedivit.
541 3741 565 3818 ³)

255 3875 278 3938 1)
296 3872 428 3926 Emendat.
446 3872 554 3926 Varron.
571 3874 702 3942 specimen
719 3873 737 3928 l.
756 3875 831 3928 1830.

253 3943 278 4006 2)
295 3940 380 3993 Ueber
398 3942 439 3994 die
457 3957 529 3994 sacra
546 3942 695 4009 Argeorum.
732 3941 849 4009 Bottiger
866 3941 1051 4008 Archaeologie
1074 3938 1127 3993 und
1149 3939 1232 3994 llunst
1256 3944 1333 3996 1828.

183 4023 209 4076 p·
228 4009 367 4142 wil-birni.
386 4091 517 4130 censuram
536 4081 649 4129 nostram
673 4076 760 4130 Jahrb.
779 4077 797 4130 f.
816 4076 909 4130 Philol.
929 4078 1004 4132 1834.
1026 4074 1067 4140 Xl,
1091 4077 1182 4130 1-20.
1209 4077 1333 4134 Zeitschr.

184 4143 203 4196 1.
221 4144 311 4196 hltert.
331 4147 397 4199 1846
415 4161 452 4197 nr.
472 4147 513 4198 18.
531 4144 615 4197 Ueber
632 4144 673 4198 die
691 4145 775 4198 Kritilx
793 4145 838 4197 der
856 4144 925 4198 Vari.
944 4144 1045 4197 Becher
1062 4143 1095 4196 de
1113 4144 1174 4214 ling.
1193 4147 1237 4198 lat.
1257 4149 1333 4212 1854,

185 4226 211 4278 p.
229 4213 271 4267 18.
289 4212 474 4265 commentatio
492 4212 525 4265 de
543 4212 642 4265 emend.
660 4214 759 4266 ratione
776 4213 898 4266 librorum
916 4211 949 4265 lli.
963 4211 992 4266 T.
1006 4210 1128 4265 Varronis
1146 4215 1177 4267 de
1195 4215 1212 4267 l.
1225 4213 1242 4270 l.
1258 4216 1333 4269 1858.

240 4294 382 4348 Spengel,
399 4297 466 4340 Varro
479 4296 507 4338 do
520 4296 596 4349 lingue
608 4297 685 4339 latim.
1115 4311 1130 4352 c
