3060 5048
484 311 746 372 transuersus.
781 317 927 386 §co-cc.
1217 319 1279 379 215

135 484 285 570 Quintus,
314 483 447 571 Sextus,
476 485 642 571 Decimus,
672 487 719 554 sic
740 487 782 554 ab
805 488 878 556 aliis
900 489 1004 557 rebus.
1064 488 1143 557 Oum
1172 497 1281 558 essent

135 588 198 655 duo
221 586 364 654 Terentii
385 594 441 654 aut
461 589 587 674 plures,
610 587 812 658 discernendi
833 609 947 676 causa,
969 597 1005 659 ut
1026 590 1150 673 aliquid
1172 592 1279 676 singu-

134 690 203 755 lare
218 688 383 773 haberent,
405 690 570 775 notabant,
592 690 727 759 forsitan
748 694 790 759 ab
814 710 862 777 eo,
886 693 941 776 qui
962 712 1055 760 mane
1077 699 1171 760 natus
1194 687 1280 762 dice

134 797 235 874 retur,
263 796 298 857 ut
319 790 347 857 is
374 791 499 859 Manius
522 799 621 878 esset,
651 794 706 877 qui
728 793 807 880 luci,
842 793 974 878 Lucius,
1009 794 1064 877 qui
1084 801 1158 880 post
1178 795 1279 880 patris

97 896 285 978 cmortem,
316 893 496 960 Postumus.
553 895 724 979 liquibus
760 914 860 980 aeque
896 915 968 963 cum
997 896 1076 963 item
1109 896 1280 965 accidisset
1300 902 1321 982 ἓ
1343 904 1381 966 61

134 993 278 1078 feminis,
314 995 520 1080 proportione
554 997 601 1062 ita
636 998 801 1082 appellata
836 996 1036 1065 declinarant
1067 1000 1277 1084 praenomina
1287 1017 1360 1070 (nou
1371 1015 1432 1070 sna

134 1096 301 1164 mulierum
328 1097 475 1182 antiqua,
509 1097 634 1184 Mania,
666 1100 782 1183 Lucia,
815 1100 983 1185 Postuma3
1018 1097 1165 1168 videmus
1193 1101 1278 1169 enim

134 1197 275 1265 Maniam
302 1202 437 1265 matrem
465 1199 569 1265 larum
596 1199 674 1285 dici,
710 1200 843 1267 Luciam
871 1201 1085 1270 Volaminiam
1118 1200 1279 1270 Saliorum

135 1299 327 1367 carminibus
349 1300 523 1386 appellari,
546 1301 733 1368 Postumum
755 1322 776 1368 a
797 1302 907 1370 multis
927 1309 1001 1389 post
1021 1302 1121 1388 patris
1144 1307 1278 1371 mortem

83 1413 111 1464 ro
135 1402 329 1469 etiamnunc
350 1402 517 1487 appellari.
561 1403 668 1482 Quare
684 1422 882 1488 quocumque
904 1425 1074 1490 progressa
1096 1410 1145 1471 est
1166 1411 1280 1472 natura
1300 1411 1320 1490 ξ
1342 1412 1384 1474 62

134 1526 206 1571 cum
234 1524 294 1571 usu
321 1504 488 1587 vocabuli,
523 1505 671 1573 similiter
697 1508 900 1591 proportione
928 1512 1106 1592 propagata
1131 1512 1181 1572 est
1201 1526 1276 1573 ana-

134 1605 235 1691 logia,
269 1626 341 1673 eum
369 1604 402 1671 in
431 1606 546 1688 quibus
569 1604 747 1674 declinatus
770 1607 941 1676 voluntarii
969 1612 1067 1675 maris
1089 1611 1122 1675 et
1141 1608 1279 1675 feminae

133 1714 165 1774 et
185 1708 307 1792 neutri,
341 1725 423 1790 quae
450 1707 645 1790 voluntaria,
678 1730 743 1776 non
774 1709 914 1778 debeant
942 1709 1088 1776 similiter
1115 1708 1279 1794 declinari,

133 1809 192 1876 sed
218 1809 390 1892 inquibus
418 1809 597 1892 naturales,
631 1810 694 1876 sint
721 1809 899 1879 declinatus
928 1811 962 1878 hi
990 1812 1046 1895 qui
1075 1829 1146 1879 esse
1174 1830 1278 1896 reper-

83 1921 111 1972 ιι
133 1911 246 1977 iuntur.
290 1910 447 1989 Quocirca
468 1909 502 1976 in
523 1910 625 1978 tribus
646 1913 818 1993 generibus
840 1912 1005 1981 nominum
1026 1913 1136 1996 inique
1164 1913 1280 1981 tollunt

131 2013 306 2096 analogias.

218 2118 268 2181 39.
306 2113 369 2193 Qui
395 2118 504 2180 autem
538 2133 594 2181 eas
627 2114 878 2199 reprehendunt,
913 2113 1000 2198 quod
1026 2113 1092 2180 alia
1119 2113 1278 2180 vocabula
1299 2124 1320 2203 ς
1342 2125 1382 2187 63

132 2215 308 2299 singularia
335 2214 400 2283 sint
427 2215 530 2282 solum
559 2221 594 2281 ut
622 2215 731 2299 Cicer,
769 2217 834 2282 alia
862 2214 1073 2285 multitudinis
1107 2214 1211 2281 solum
1243 2203 1430 2283 utll·⁶⁰²⁸¹‘·¹³

133 2316 264 2403 Scalae,
299 2339 370 2386 cum
402 2316 571 2383 debuerint
597 2317 704 2384 omnia
734 2338 804 2385 esse
834 2317 976 2402 duplicia
998 2323 1032 2384 ut
1053 2317 1163 2399 Equus
1184 2315 1277 2399 Equi,

82 2429 110 2480 20
132 2421 303 2504 analogiae
329 2420 570 2488 fundamentum
593 2439 664 2486 esse
689 2419 919 2488 obliviscuntur
945 2422 1091 2486 naturam
1119 2422 1152 2484 et
1176 2435 1278 2484 usum.

133 2522 303 2607 Singularc
333 2529 382 2591 est
411 2521 498 2606 quod
526 2525 640 2587 natura
668 2540 766 2588 unum
794 2520 968 2606 significat,
1001 2527 1036 2588 ut
1062 2519 1189 2603 Equus,
1223 2523 1279 2585 aut

134 2624 220 2710 quod
242 2625 410 2693 coniuncta
441 2621 679 2707 quodammodo
708 2621 750 2688 ad
779 2643 876 2689 unum
905 2642 980 2706 usu,
1011 2628 1048 2689 ut
1069 2622 1186 2706 Bigae;
1219 2619 1279 2687 ita·

134 2746 197 2810 que
219 2730 274 2808 [nt]
298 2727 433 2796 dicimus
455 2727 528 2795 Una
550 2744 650 2809 musa,
673 2723 720 2792 sic
743 2723 877 2791 dicimus
900 2724 992 2792 Unae
1016 2723 1119 2806 bigae·
1172 2721 1279 2788 Multi·
1300 2735 1320 2816 ς
1342 2735 1384 2797 64

133 2829 252 2896 tudinis
274 2829 434 2897 vocabula
455 2834 528 2896 sunt
550 2847 647 2893 unum
668 2825 825 2894 inlinitum
847 2831 882 2893 ut
903 2826 1029 2909 Musae,
1051 2826 1187 2891 alterum
1209 2821 1278 2888 fini-

81 2939 110 2989 25
133 2940 200 2998 tum
228 2939 263 2999 ut
291 2929 390 3015 duae,
423 2934 502 3014 tres,
536 2934 699 3014 quattuor,
735 2927 868 2994 dicimus
897 2926 982 2994 enim
1010 2933 1046 2994 ut
1073 2925 1135 2993 hae
1157 2925 1278 3006 Musae,

218 3083 375 3148 3forsitan]
396 3076 488 3137 ‘immo
512 3080 632 3136 fortasse
654 3075 703 3135 an'
728 3079 800 3149 LSp.
823 3077 872 3133 sed
894 3076 971 3148 cons.
989 3077 1029 3133 VI
1052 3079 1068 3145 ξ
1089 3081 1130 3146 14,
1156 3074 1280 3132 Reiter

132 3187 159 3239 p.
182 3173 238 3222 105.
267 3199 300 3207 -
325 3162 403 3238 ‘fort
427 3182 460 3222 eo
483 3157 568 3235 quod>
585 3165 657 3235 LSp.
681 3167 764 3219 natus
789 3167 876 3232 esset,
905 3167 936 3219 ut
958 3163 983 3217 is
1005 3161 1116 3217 Manius
1141 3162 1279 3216 diceretur

133 3253 267 3307 Muller.
286 3283 319 3290 -
339 3256 355 3304 4
372 3251 485 3315 Lucius]
501 3267 530 3320 p,
547 3250 671 3318 Aldus,
689 3246 799 3304 lucilius
816 3247 849 3302 F.
876 3278 910 3288 -
937 3250 951 3301 5
970 3252 1065 3316 aeque]
1083 3246 1190 3318 scripsi,
1208 3260 1278 3314 quae

119 3336 165 3404 ¹F,
184 3353 235 3391 om.
253 3352 279 3404 a,
296 3335 427 3390 Mitller.
441 3329 510 3389 ‘tam
527 3335 600 3390 idem
617 3335 738 3404 requiro.
754 3334 825 3404 fort.
843 3333 974 3402 equibus
992 3332 1044 3386 del.
1063 3337 1089 3385 et
1106 3329 1186 3385 scrib.
1204 3328 1278 3384 acci·

132 3416 248 3474 dissent’
269 3419 340 3490 LSp.
363 3419 498 3490 intells'pe:
524 3418 629 3488 siquid
647 3434 681 3472 ex
699 3419 742 3472 his
760 3419 842 3473 rebus
859 3418 926 3473 item
944 3416 1051 3473 feminis
1069 3414 1217 3471 acciderat.
1244 3443 1280 3455 -

135 3509 149 3557 t
167 3502 273 3571 antiqui
289 3502 426 3558 Mdller.
451 3533 484 3543 -—
512 3507 526 3558 8
544 3501 708 3558 uoluminum
725 3502 758 3570 V,
777 3503 943 3558 uoluminum
959 3502 994 3570 H,
1012 3498 1176 3556 volumniam
1193 3497 1279 3566 vulg.

133 3619 165 3629 -—
192 3585 271 3656 ‘fort
289 3587 319 3642 in
336 3583 480 3644 Saliorum’
503 3587 576 3656 LSp.
604 3616 637 3626 —
665 3591 694 3641 11
713 3589 848 3654 vocabuli]
872 3589 959 3657 vulg.
978 3603 1016 3642 erc
1032 3587 1065 3654 B,
1090 3583 1228 3640 uocabula
1244 3582 1278 3637 F.

132 3670 211 3744 ‘fort
228 3673 307 3742 infra
324 3671 514 3726 collocandum
532 3687 593 3726 cum
610 3672 744 3728 vocabula
760 3673 791 3727 in
808 3665 920 3743 quibus'
932 3672 1003 3740 Lsp.
1022 3702 1056 3711 -
1074 3674 1106 3725 12
1124 3668 1279 3723 declinatus

133 3757 288 3821 voluntarii]
307 3757 369 3825 LSp
389 3756 468 3821 olim,
492 3756 644 3812 declinatus
662 3758 809 3814 voluntarii
827 3760 891 3813 sunt
903 3763 1021 3829 postea,
1047 3752 1277 3810 declinationibus

133 3841 296 3900 uoluntariis
307 3841 340 3897 F.
353 3870 387 3880 -
400 3843 431 3893 13
443 3836 521 3910 ‘fort
533 3841 606 3910 quod
618 3835 777 3898 voluntarii'
788 3843 860 3913 LSp.
874 3872 906 3881 -
921 3846 953 3895 14
967 3844 1032 3913 post
1043 3838 1184 3894 naturales
1196 3839 1280 3894 inter-

128 3928 235 4000 punait
248 3925 375 3994 Christ,
394 3926 551 3996 ceteripcct
563 3926 724 3982 declinatus.
738 3958 771 3988 ,-
782 3922 860 3998 ‘fort
874 3918 950 3982 sunt'
963 3925 1033 3995 LSp.
1047 3954 1080 3964 —
1094 3928 1125 3979 15
1136 3922 1237 3993 inique]
1249 3922 1281 3977 in

134 4027 203 4081 quae
214 4013 247 4081 F,
259 4012 341 4081 inque
352 4010 430 4080 alii,
447 4026 517 4066 corn
529 4010 649 4066 Aldus.
663 4042 696 4050 —
710 4016 740 4066 tv
753 4015 854 4076 autom]
866 4015 924 4066 tum
936 4010 975 4079 M,
988 4010 1126 4065 Laetus.
1139 4037 1172 4049 -
1185 4011 1218 4062 20
1229 4022 1280 4063 na·

133 4101 223 4152 turam
235 4113 298 4151 nam
309 4095 435 4164 etvulg.
448 4111 486 4151 au
497 4095 528 4149 Β.
549 4125 579 4134 -
598 4100 660 4160 usu]
678 4112 757 4151 usum
774 4111 801 4164 p,
820 4094 956 4164 Mdller,
974 4110 1040 4149 usus
1053 4093 1117 4150 GH.
1136 4124 1170 4132 -
1187 4096 1220 4148 23
1237 4096 1279 4158 ιιι]

135 4181 196 4235 add.
209 4181 279 4251 LSp.
299 4213 330 4220 —
350 4185 382 4236 25
395 4182 448 4235 duc
461 4179 546 4250 vulg.
560 4196 598 4234 ex
608 4181 640 4235 B.
659 4211 692 4220 -
711 4180 850 4249 quattuor]
864 4173 944 4250 ‘fort
956 4183 1087 4248 quattuor
1097 4178 1178 4235 binae
1189 4178 1280 4234 trinae

135 4268 292 4333 quaternae.
311 4265 426 4321 dicimus
444 4265 515 4321 enim
533 4269 565 4320 ut
582 4265 654 4321 duaa
670 4269 726 4320 tres
743 4279 838 4320 musae
856 4263 895 4320 sic
906 4263 987 4320 binae
999 4264 1089 4320 trinas
1100 4256 1194 4333 bigae'
1206 4262 1279 4332 LSp.
