3038 5048
517 316 632 371 LIBER
649 316 798 372 SEXTUS.
835 318 977 381 §ao-33.
1282 313 1322 371 83

178 482 250 550 dies
271 486 362 549 ncl'as
384 485 445 551 fari
466 495 647 570 praetorem
669 490 720 554 Do
736 486 817 554 Dico
832 485 967 553 Addico.
1003 485 1112 565 itaque
1134 503 1197 550 non
1219 489 1324 568 potest

178 586 242 670 agi.
286 587 426 654 Necesse
450 595 499 655 est
521 590 630 672 aliquo
652 590 700 655 uti
721 589 836 672 verbo,
865 608 936 654 cum
957 588 1029 669 lege
1052 583 1129 669 quid
1151 586 1322 672 peragitur.

178 689 322 771 Quodsi
346 696 412 756 tum
434 691 617 775 imprudens
639 691 673 756 id
695 691 827 758 verbum
850 691 954 758 emisit
982 710 1021 757 ac
1050 708 1145 772 quem
1167 688 1321 755 manumi-
1332 698 1406 750 <ow
1417 701 1477 754 8111

177 792 235 875 sit,
257 791 315 858 ille
337 793 438 859 nihilo
460 793 566 859 minus
588 799 638 859 est
659 793 749 878 liber,
772 793 829 860 sed
851 792 939 876 vitio,
962 798 997 857 ut
1018 792 1222 875 magistratus
1243 790 1322 857 vitio

139 899 303 959 torcatus
326 894 426 961 nihilo
448 897 547 961 actius
570 896 781 979 magistratus.
825 896 958 960 Praetor
986 895 1040 977 qui
1067 900 1135 958 tum
1156 895 1241 960 fatus
1264 900 1321 975 est,

177 995 206 1061 si
228 994 412 1081 imprudens
432 997 525 1081 fecit,
559 998 713 1081 piaculari
734 997 840 1064 hostia
861 997 946 1063 iacta
968 996 1090 1081 piatur,
1124 996 1153 1062 si
1181 993 1321 1079 prudens

136 1125 138 1131 ·
177 1097 277 1183 dixit,
313 1098 446 1176 Quintus
474 1100 597 1166 Mucius
629 1101 737 1167 aiebat
770 1120 842 1166 eum
877 1099 1001 1184 expiari
1030 1105 1065 1165 ut
1093 1099 1224 1183 impium
1257 1120 1320 1165 non

177 1220 282 1286 posse.
339 1203 485 1269 Intercisi
499 1202 568 1270 dies
583 1210 656 1271 sunt
670 1225 727 1288 per
742 1222 821 1284 quos
843 1223 936 1269 mane
952 1208 984 1268 et
998 1203 1126 1287 vesperi
1148 1209 1197 1269 est
1219 1203 1320 1285 nefas,
1345 1201 1365 1279 ξ
1387 1202 1425 1263 31

135 1324 140 1333 ’
177 1303 285 1370 medio
307 1310 448 1391 tompore
470 1306 553 1372 inter
574 1306 712 1372 hostiam
735 1325 862 1372 caesam
885 1310 917 1369 ct
940 1311 1016 1370 exta
1037 1305 1179 1389 proiecta
1200 1305 1266 1389 fas;
1301 1325 1321 1370 a

125 1415 154 1466 10
176 1424 240 1487 qno
255 1407 342 1489 quod
356 1407 405 1474 fas
427 1415 494 1474 tum
515 1408 682 1476 intercedit
704 1415 760 1473 aut
782 1429 819 1474 co
842 1408 1023 1474 intercisum
1045 1406 1144 1490 nefas,
1166 1407 1473 1472 Intermere-russo

176 1508 255 1575 Dies
271 1509 326 1592 qui
340 1516 471 1576 vocatur
485 1511 532 1577 sic
546 1509 702 1590 Quando
717 1511 798 1576 Rex
813 1509 1040 1577 Uomitiavit
1054 1511 1142 1592 Fas3
1167 1509 1195 1574 is
1217 1506 1320 1574 dictus

175 1611 218 1676 ab
241 1632 279 1678 eo
303 1613 390 1694 quod
412 1633 451 1680 co
473 1612 525 1678 die
547 1634 604 1679 rex
627 1611 782 1680 sacrificio
810 1614 860 1678 ius
883 1612 970 1679 dicat
997 1612 1040 1676 ad
1068 1610 1248 1693 comitium,
1278 1609 1320 1675 ad

176 1713 263 1797 quod
285 1718 411 1799 tempus
439 1722 488 1782 cst
515 1715 621 1799 nefas,
656 1716 697 1782 ab
729 1736 767 1781 eo
796 1716 860 1798 fas;
895 1716 1003 1799 itaque
1031 1719 1104 1798 post
1131 1713 1165 1778 id
1194 1719 1320 1797 tempus

175 1816 249 1899 lege
263 1823 368 1884 actum
384 1838 489 1903 saepe.
534 1819 612 1885 Dies
629 1819 682 1899 qui
697 1824 830 1885 vocatur
844 1819 1004 1897 Quando
1020 1816 1191 1884 Stercum
1206 1819 1321 1884 Dela·
1344 1811 1363 1890 ἓ
1386 1813 1426 1875 32

123 1928 152 1978 15
175 1923 256 1985 tum
285 1920 378 2002 Fas,
409 1920 452 1985 ab
479 1941 518 1989 eo
544 1922 741 2006 appellatus,
775 1919 861 2002 quod
890 1941 928 1987 eo
956 1919 1009 1986 die
1037 1941 1077 1987 ex
1101 1921 1180 1987 aede
1201 1919 1319 1985 Vestae
1332 1894 1362 1945 ⁴⁹·
1372 1892 1472 1946 'mm

176 2025 297 2088 stercus
320 2023 473 2089 everritur
495 2027 528 2088 et
548 2042 605 2106 per
621 2022 835 2107 Capitolinum
858 2022 976 2088 clivum
998 2023 1029 2086 in
1052 2023 1157 2089 locum
1179 2021 1319 2088 defertur

176 2128 306 2189 certum.
350 2124 428 2190 Dies
451 2124 602 2190 Alliensis
625 2124 666 2190 ab
688 2124 776 2189 Allia
797 2125 894 2191 fluvio
917 2124 1035 2208 dictus;
1064 2145 1139 2189 nam
1160 2125 1206 2189 ibi
1228 2144 1317 2189 exer-

175 2225 241 2291 citu
262 2232 370 2292 nostro
393 2227 502 2307 fugato
525 2226 612 2291 Galli
634 2225 827 2293 obsederunt
848 2228 991 2293 Romam.

261 2327 354 2405 Quod
369 2329 413 2393 ad
427 2329 623 2410 singulorum
641 2327 763 2394 dierum
777 2328 936 2394 vocabula
957 2327 1094 2414 pertinet
1116 2327 1193 2392 dixi.
1230 2326 1315 2391 Men·
1338 2319 1358 2397 ὅ
1380 2322 1420 2384 33

173 2500 206 2551 at
230 2513 317 2567 supra
347 2496 512 2552 cohaereant
538 2497 700 2566 inciperent.
726 2496 793 2550 Dies
820 2493 980 2567 comitialesf
1007 2496 1077 2565 LSp.
1104 2527 1137 2534 —
1165 2498 1249 2558 hest]
1275 2498 1318 2549 est

173 2582 479 2638 enimVertranius.
497 2612 530 2621 -
548 2583 590 2636 uti
607 2583 698 2650 aliquo
711 2581 767 2648 ab,
786 2583 876 2651 aliquo
894 2599 987 2637 eorum
1004 2582 1046 2635 uti
1058 2583 1090 2648 Β,
1108 2581 1237 2635 Laetus
1255 2583 1318 2645 (tae.

180 2666 269 2734 ilict).
287 2698 321 2706 -
338 2667 413 2736 quid]
430 2667 579 2733 Laetus,
605 2684 657 2735 que
673 2683 700 2736 p,
719 2667 765 2736 qni
782 2667 863 2721 libri
881 2666 998 2722 ceteri.
1018 2697 1047 2706 -
1068 2666 1217 2736 peragitur]
1237 2659 1318 2735 ‘fort

173 2745 277 2820 agitur'
295 2753 367 2823 LSp.
386 2783 419 2793 —
438 2758 453 2807 5
472 2752 561 2806 secius
579 2752 677 2820 vulg,
695 2751 894 2819 Victorius,
912 2753 961 2806 sed
977 2752 1021 2805 ius
1038 2751 1130 2805 libri.
1166 2756 1215 2804 aut
1233 2749 1318 2804 setius

174 2843 222 2891 aut
241 2838 343 2893 sectius
361 2837 468 2892 videtur
485 2836 578 2892 latere.
598 2869 630 2876 -
647 2837 731 2901 fatus]
751 2837 949 2904 Turnebus,
968 2835 1057 2890 factus
1075 2836 1159 2890 libri
1177 2867 1209 2874 —
1228 2840 1242 2889 1
1262 2835 1317 2890 aie-

173 2921 230 2986 bat]
247 2922 320 2994 LSp,
347 2923 475 2992 abigebat
489 2922 575 2977 libri
592 2923 648 2977 aisr'
664 2921 739 2993 quod
755 2922 910 2990 ambigebat
927 2922 966 2988 M,
993 2922 1138 2990 Laetus,
1166 2921 1319 2990 abnegabat

173 3009 258 3076 vulg.
277 3025 315 3063 cre
331 3009 363 3062 Β.
382 3008 505 3079 Macrob.
524 3009 546 3077 1,
566 3012 606 3078 16,
626 3013 671 3062 10:
698 3008 860 3078 prudentem
878 3009 990 3076 expiare
1011 3023 1066 3061 non
1089 3023 1171 3077 posse
1188 3009 1318 3064 Scaevola

172 3093 298 3163 pontifex
318 3094 559 3149 adseverabat.
581 3125 614 3133 -
636 3098 664 3148 et
684 3097 714 3148 ut
735 3092 847 3162 impium
866 3109 923 3148 non
943 3109 1024 3164 posse
1045 3093 1154 3148 dicebat
1174 3098 1258 3164 vulg.
1281 3112 1319 3150 em

173 3179 205 3232 B.
233 3210 265 3218 —
292 3180 474 3234 Sintercensi
494 3179 594 3246 libri,
620 3195 692 3232 corr.
711 3178 852 3233 Laetus.
880 3209 914 3217 —
940 3184 1105 3249 ilporrecta
1122 3180 1210 3248 vulg.
1229 3198 1267 3235 ex
1283 3182 1316 3235 Β.

172 3292 207 3301 -
235 3268 265 3317 10
291 3268 341 3319 aut
367 3269 409 3328 eo]
436 3264 507 3333 LSp,
533 3267 583 3318 aut
610 3281 656 3319 eos
682 3264 782 3330 libri,
809 3268 858 3318 aut
884 3281 916 3319 eo
944 3268 986 3320 est
1007 3264 1145 3319 Mulier.
1179 3266 1247 3334 sort.
1274 3265 1317 3319 fas

172 3348 236 3402 dnm
265 3349 425 3417 intercedit,
454 3350 490 3403 ab
520 3365 560 3404 eo.
592 3380 622 3388 -
652 3348 784 3413 intercisi]
818 3349 932 3421 scripsi,
968 3350 1126 3404 intercisum
1159 3349 1253 3402 libri.
1283 3380 1316 3388 -

174 3437 203 3486 11
224 3438 346 3499 vocatur]
365 3438 477 3490 notatur
494 3434 715 3503 Augustinus
733 3433 771 3487 ad
786 3433 860 3488 Fest.
879 3450 901 3487 s.
920 3449 943 3488 rr.
961 3434 1063 3489 nefasti
1080 3466 1112 3473 —
1131 3433 1162 3500 Q.
1181 3433 1215 3486 R.
1235 3433 1264 3487 0.
1283 3432 1315 3486 F.

167 3520 320 3590 praeponit
337 3520 418 3575 verbo
436 3522 543 3589 quando
560 3521 593 3574 B.
621 3551 653 3560 —
682 3518 829 3575 comitiasit
845 3518 995 3573 Ursinus
1014 3519 1051 3572 ari
1067 3519 1141 3573 Fest.
1168 3537 1195 3589 p.
1215 3523 1256 3573 21.
1284 3549 1316 3558 —

173 3603 216 3659 fas
232 3605 476 3675 is]Victorius,
493 3605 574 3660 fassis
592 3605 690 3674 libri,
708 3604 752 3659 iac
770 3603 868 3672 vulg,
886 3603 937 3672 fas,
955 3605 995 3658 sic
1013 3604 1164 3661 Ursinus
1181 3623 1208 3674 p.
1223 3608 1264 3657 23.
1283 3635 1316 3644 -

175 3693 206 3743 12
225 3690 360 3747 sacrificio
377 3691 431 3756 ius]
454 3691 540 3745 libri
557 3690 610 3744 nisi
628 3689 703 3760 quod
725 3688 904 3745 sacrificiolus
922 3689 955 3758 F,
982 3689 1152 3745 sacrificulus
1174 3689 1316 3756 Laetus,

174 3791 225 3829 om.
244 3776 434 3845 Scioppius.
453 3807 487 3815 -
504 3776 587 3840 dicat]
605 3774 744 3829 sacrificat
768 3774 970 3845 Scioppius,
998 3775 1123 3843 Bergk,
1148 3774 1201 3828 itat
1218 3774 1316 3828 Ursi·

172 3876 252 3930 nus,
268 3861 291 3916 it
309 3861 360 3915 Tb.
379 3861 563 3916 Mommsen
582 3861 681 3915 chron.
699 3877 726 3928 p.
745 3863 810 3928 422,
827 3860 889 3914 litat
905 3858 1110 3913 Hirschfeld
1127 3859 1239 3913 Hermes
1251 3859 1317 3912 VIII

172 3949 299 4001 469-11.
325 3963 375 4000 rex
400 3944 569 4000 sacrificulus
594 3944 731 4000 sacrificat
753 3945 814 4016 LSp
832 3945 956 4000 editurus
973 3949 1041 3999 erat.
1059 3942 1108 3998 scd
1124 3941 1195 3997 nihii
1210 3949 1316 3998 mutan-

172 4030 235 4084 dum
254 4029 368 4086 videtur.
387 4038 429 4085 cst
445 4031 517 4086 caim
541 4047 590 4085 rex
613 4029 748 4085 sacrificio
772 4030 880 4086 initium
896 4030 964 4084 iuris
984 4028 1111 4083 dictionis
1130 4028 1218 4097 dicat,
1243 4029 1316 4083 velut

171 4131 269 4171 noram
286 4115 404 4184 aquilam
421 4116 513 4171 dicare
524 4108 696 4170 ‘einrreihen'
709 4114 774 4171 Tac.
788 4117 852 4171 hist.
866 4118 942 4184 5,16.
960 4113 1036 4182 copf.
1048 4114 1130 4167 etiam
1142 4114 1220 4183 infra
1232 4130 1259 4184 p.
1270 4119 1314 4181 94,

174 4204 214 4254 11.
238 4231 271 4240 -
294 4205 326 4254 14
343 4206 456 4258 notatur
472 4201 631 4257 Ursinus.
657 4232 692 4242 —
718 4201 749 4268 Q.
763 4201 789 4256 S.
802 4202 835 4254 D.
849 4200 872 4253 F
885 4198 1040 4272 praeponit
1055 4199 1136 4254 aerbo
1155 4203 1263 4268 quando
1280 4201 1313 4254 Β.

172 4315 204 4324 ψ
224 4288 329 4339 stercus
347 4287 483 4343 Laetus.
503 4318 535 4326 -
556 4291 586 4341 11
597 4285 662 4341 allio
679 4285 764 4341 libri
782 4286 854 4352 (auio
865 4285 896 4354 i),
913 4300 985 4339 corr.
1003 4283 1140 4341 Laetus.
1160 4317 1190 4324 —
1213 4291 1243 4340 19
1253 4303 1315 4354 per-

1077 4371 1112 4423 6*
