3038 5048
188 126 249 185 174
521 128 636 185 LIBER
654 128 830 188 ueTsvus.
866 133 1011 200 §ts-31.

186 297 331 384 tunicae,
364 299 530 368 muliebris
552 301 636 369 stola
656 301 774 386 pallio,
803 308 911 370 tamen
932 303 1247 389 inaequabilitatem
1268 305 1351 374 hanc

186 400 350 483 sequimur
369 401 471 470 nihilo
493 403 607 470 minus.

83 502 166 582 §29
278 509 324 571 14.
347 505 384 570 ln
404 504 576 589 aedificiis,
600 525 694 589 quom
716 526 780 572 non
802 505 969 574 videamus
990 507 1113 574 hahere
1136 507 1209 593 [od]
1232 509 1351 576 atrium

32 619 64 669 o·
72 617 111 661 ⁴¹³
119 618 177 672 ens
186 604 386 689 περίστυλον
423 606 661 675 similitudinem
699 614 731 673 et
766 608 956 676 cubiculum
981 609 1024 675 nd
1060 610 1192 693 equile,
1237 607 1350 698 [quod]

186 715 294 775 tamen
314 715 444 794 propter
465 709 635 776 utilitatem
663 709 696 773 in
718 709 770 776 his
800 710 1076 778 dissimilitudines
1102 712 1221 796 potius
1252 729 1383 797 quamn

187 809 411 877 similitudines
433 809 612 894 sequimur3
646 811 754 894 itaque
776 817 809 879 et
831 812 965 879 hiberna
993 812 1135 879 triclinia
1157 820 1193 882 et
1218 816 1351 884 aestiva

186 931 249 978 non
270 912 348 978 item
371 912 502 977 valvata
526 933 565 978 ac
586 911 759 979 fenestrata
781 913 924 980 facimus.

80 1012 100 1092 ξ
122 1013 163 1076 30
273 1017 320 1079 15.
344 1011 450 1092 Quare
471 1033 543 1079 oum
566 1019 600 1078 ut
622 1014 656 1081 in
676 1017 793 1082 vestitu
816 1015 981 1099 aedificiis,
1007 1015 1107 1082 sicin
1129 1016 1351 1101 supellectile

185 1116 257 1183 cibo
280 1114 457 1197 ceterisque
479 1115 625 1182 omnibus
648 1135 730 1198 quae
752 1136 828 1184 usus
850 1116 968 1202 [coma]
990 1117 1157 1185 advitam
1185 1127 1272 1187 sunt
1299 1141 1350 1189 as·

185 1224 313 1303 sumpta
336 1216 515 1285 dominetur
536 1217 800 1303 inaequabilitas,
822 1220 856 1286 in
878 1240 1022 1288 sermone
1044 1239 1184 1306 quoque,
1210 1223 1275 1306 qui
1298 1229 1350 1293 est
1370 1235 1398 1289 to

185 1340 261 1387 usus
284 1340 382 1387 causa
404 1319 600 1401 constitutus,
624 1339 663 1385 ea
685 1341 749 1386 non
770 1322 978 1406 repudianda.

78 1417 98 1497 ξ
120 1420 155 1483 31
272 1427 319 1488 16.
343 1421 436 1504 Quod
458 1422 485 1487 si
508 1421 579 1503 quis
600 1420 761 1504 duplicem
783 1429 876 1506 putat
897 1443 968 1491 esse
990 1443 1157 1507 summam,
1186 1423 1235 1491 ad
1260 1445 1347 1509 quas

31 1532 61 1583 o·
70 1531 173 1585 suso-¹)
183 1531 285 1591 metas
307 1532 439 1590 naturae
461 1523 503 1588 sit
523 1522 772 1606 perveniendum
788 1525 822 1590 in
838 1545 906 1608 usu,
929 1525 1075 1593 utilitatis
1090 1533 1123 1592 et
1137 1525 1344 1611 elegantiae,

184 1624 269 1707 quod
291 1645 354 1709 nou
376 1625 479 1691 solum
500 1624 610 1691 vestiti
632 1642 703 1691 esse
724 1626 871 1719 vql-umus
898 1631 934 1694 ut
955 1628 1091 1695 vitemus
1119 1627 1244 1711 frigus,
1280 1629 1344 1696 sed

184 1726 281 1792 etiam
303 1730 339 1792 ut
360 1726 527 1793 videamur
548 1725 654 1793 vestiti
678 1726 926 1812 esse'honeste,
959 1749 1022 1796 non
1050 1729 1182 1796 domum
1210 1729 1343 1799 habere
1366 1745 1395 1797 ts

183 1837 217 1894 ut
240 1827 339 1896 simus
368 1829 401 1895 in
430 1834 513 1896 tecto
544 1834 575 1894 et
604 1834 672 1895 tuto
694 1830 813 1914 solum,
847 1849 909 1912 quo
932 1831 1106 1898 necessitas
1129 1834 1340 1917 contruserit,

182 1927 240 1996 sed
269 1929 365 1997 etiam
394 1930 450 1997 ubi
472 1932 620 2016 voluptas
648 1931 777 1997 retineri
804 1931 919 2016 possit,
952 1952 1016 1998 non
1045 1933 1147 1998 solum
1175 1951 1263 2000 vasa
1294 1934 1339 2001 ad

181 2031 302 2099 victum
322 2032 459 2117 habilia,
489 2033 547 2101 sed
577 2034 673 2100 etiam
699 2032 800 2117 figura
824 2033 909 2100 bella
936 2040 1033 2117 atque
1060 2035 1102 2100 ab
1131 2033 1293 2104 artifice.
1318 2086 1337 2122 .,

181 2135 267 2218 quod
283 2134 370 2201 aliud
385 2135 514 2217 homini,
537 2133 626 2201 aliud
648 2134 838 2200 humanitati
860 2136 938 2201 satis
961 2142 1024 2220 est;
1048 2135 1184 2219 quodvis
1207 2135 1337 2207 sitienti

182 2237 302 2307 homini
324 2239 472 2322 poculum
494 2236 654 2319 idoneum,
677 2236 867 2303 humanitati
888 2238 949 2303 nisi
972 2237 1091 2304 bellum
1112 2255 1244 2324 parum,
1273 2241 1338 2309 sed
1359 2255 1390 2308 su

181 2383 308 2392 ——-—-

268 2479 280 2528 l
299 2473 394 2529 tunica
410 2473 443 2539 F,
461 2487 532 2526 corr.
551 2471 687 2526 Laetus.
706 2501 740 2509 -
757 2471 882 2527 mvdiebri
900 2471 971 2527 stola
988 2473 1020 2540 F,
1048 2488 1120 2526 corr.
1140 2471 1254 2542 cuper
1274 2476 1333 2532 Oh·

180 2575 249 2614 serv.
264 2562 316 2626 4,9
333 2574 371 2612 ex
389 2557 507 2625 lX§48.
526 2587 559 2596 —
578 2561 593 2610 2
612 2555 734 2625 sequitur
750 2556 783 2625 F,
801 2573 872 2612 corn.
891 2557 978 2625 vulg.
996 2574 1034 2613 ex
1051 2558 1083 2611 Β.
1102 2589 1135 2596 -
1152 2557 1241 2612 nichil
1258 2562 1332 2617 omi·

178 2659 231 2698 nus
248 2642 280 2696 F.
309 2672 342 2682 —
368 2645 384 2696 3
402 2640 517 2697 edificiis
534 2640 567 2695 F.
594 2672 627 2680 -
654 2643 744 2711 quom]
763 2641 833 2712 LSp,
851 2641 992 2712 Muller,
1010 2643 1082 2713 quod
1100 2642 1132 2695 F.
1152 2673 1183 2681 —
1202 2643 1332 2702 videmus

179 2727 320 2783 Laetus.
340 2727 425 2797 quid?
443 2735 499 2782 n'on
515 2727 636 2780 videmus
654 2727 875 2794 Augustinus.
894 2757 926 2765 —
946 2727 1108 2795 adonium]
1127 2726 1206 2796 LSp,
1223 2728 1332 2786 utrium

178 2813 214 2867 od
226 2811 367 2880 Muller,
385 2811 538 2881 quoddam
549 2812 607 2865 scio
625 2828 662 2866 nro
674 2817 800 2882 praestet
812 2816 932 2881 propter
948 2812 1090 2867 cuborum
1107 2813 1331 2882 concinnitatem,

178 2895 278 2950 atrium
295 2894 328 2948 F.
354 2926 385 2933 —
410 2899 427 2948 4
445 2894 671 2966 ΠΘΡΗΟΤὴΛΟΝ
691 2896 789 2963 FMa,
807 2899 977 2968 περιστιλων
994 2896 1028 2964 Η,
1052 2893 1223 2970 περιστύλου
1240 2898 1330 2954 Ver·

177 2979 327 3046 tritulus,
347 2979 447 3034 lacuna
463 2980 493 3034 in
511 2979 604 3048 svp.
623 3011 656 3019 —
674 2981 756 3049 quod]
774 2980 825 3035 del.
844 2979 976 3035 Muller.
1004 3011 1036 3020 —
1064 2986 1079 3036 6
1097 2982 1245 3051 sequimur]
1263 2983 1330 3055 Vp,

178 3079 322 3136 sequamur
338 3063 371 3118 F.
389 3095 423 3103 —
441 3064 530 3119 estius
547 3064 580 3118 F.
605 3096 638 3104 -
662 3068 677 3119 8
695 3068 723 3119 et
740 3064 770 3118 in
786 3064 820 3131 F,
837 3080 910 3119 corr.
930 3064 1137 3134 Stephanus.
1155 3096 1190 3107 -
1206 3066 1329 3125 edificiis

177 3151 209 3206 F.
241 3182 273 3191 -
300 3155 315 3206 9
334 3148 432 3205 ceteris
448 3150 587 3205 Laetus.
617 3179 650 3188 -
677 3148 754 3204 usuis
772 3164 856 3204 causa
873 3150 945 3220 LSp,
963 3165 1028 3204 usus
1047 3149 1080 3218 F,
1106 3150 1328 3207 nsuRholan·

176 3237 298 3292 dellus.
326 3265 358 3276 ·
387 3240 418 3290 13
436 3238 522 3308 metas
541 3235 573 3288 F.
599 3264 633 3272 —
662 3238 692 3287 16
710 3234 782 3303 quod
800 3234 832 3303 F,
849 3250 922 3289 corr.
941 3234 1052 3305 quidam
1070 3252 1115 3308 ap.
1133 3237 1328 3307 Annuntinnna

175 3354 210 3362 -
239 3328 268 3377 17
286 3323 405 3377 retinere
422 3321 555 3375 Muller.
584 3350 616 3358 —
644 3322 676 3372 18
694 3318 800 3374 artifice
852 3320 925 3390 quod
941 3320 965 3374 F
983 3337 1043 3375 oum
1067 3320 1167 3375 lacuna
1191 3326 1329 3390 quattuor

174 3407 237 3478 fere
255 3408 417 3471 litterarum,
434 3406 497 3461 item
507 3404 634 3475 GMVp,
652 3405 681 3458 in
698 3404 796 3458 ceteris
812 3404 916 3460 nullum
934 3404 1050 3461 lacunae
1066 3405 1214 3477 vestipium.
1231 3397 1328 3460 ‘inter-

176 3492 243 3548 cidit
265 3491 373 3548 ochum
397 3490 471 3546 velut
493 3485 580 3545 factu’
600 3489 670 3558 LSp.
693 3489 887 3559 prosternito
909 3491 972 3546 licet
987 3490 1059 3547 bono
1082 3505 1152 3561 quo;
1178 3488 1263 3544 aliud.
1289 3519 1326 3532 -

177 3581 208 3632 19
227 3571 347 3633 sitienti‘'
369 3577 497 3645 poculum
514 3568 619 3630 h'ominl
641 3573 664 3627 F
687 3573 769 3643 idque
790 3576 875 3630 ceteri
894 3578 954 3630 sine
974 3581 1056 3631 notae
1071 3578 1151 3647 sipno
1165 3581 1281 3648 praeter
1296 3591 1325 3646 a,

175 3663 225 3732 qui
244 3663 373 3732 poculum
396 3661 499 3716 sitienti
524 3659 636 3715 homini.
663 3653 803 3714 ‘librarius
825 3659 942 3716 noluisse
964 3661 1071 3716 videtur
1094 3660 1198 3718 sitienti
1218 3661 1323 3716 homini

173 3747 311 3813 poculum,
329 3745 403 3816 qnod
414 3747 446 3813 B,
464 3750 547 3817 atque
564 3746 603 3799 ita
619 3743 755 3799 Victorius
766 3744 826 3803 cod.
838 3746 862 3800 F
873 3747 1039 3818 scripturam
1055 3747 1251 3817 interpretatus
1267 3745 1321 3801 est’

174 3828 245 3898 usp.
266 3839 338 3886 tacet
350 3829 444 3886 Groth.
469 3861 502 3870 —
529 3834 561 3884 20
579 3829 641 3894 nisi]
659 3829 782 3899 Aldus,
800 3830 825 3886 si
841 3831 874 3885 F.
891 3827 953 3887 ‘hoc
969 3848 1061 3887 onum
1078 3831 1184 3886 videtur
1201 3838 1229 3886 ct
1244 3830 1324 3886 locus

173 3913 214 3966 sic
230 3914 400 3971 reddmdns:
426 3915 605 3984 humanitati,
632 3915 657 3969 si
676 3914 784 3969 bellum.
803 3923 909 3986 parum
923 3919 978 3986 est,
1004 3916 1077 3985 quod
1094 3930 1156 3970 cum
1173 3918 1202 3970 et
1218 3915 1322 3971 disces-

173 4012 233 4051 sum
254 3993 310 4054 est’
332 3999 404 4070 LSp.
429 4001 574 4070 simpulum
600 3998 644 4054 vel
667 3999 811 4070 simpuium
838 4001 953 4057 coniecit
975 4001 1084 4058 droth
1105 4015 1162 4071 pro
1187 4000 1321 4056 sibellum.

170 4081 241 4152 fort.
260 4081 284 4135 si
300 4083 372 4139 belle
388 4089 523 4154 paratum.
