3038 5048
441 328 554 385 LIBER
570 328 759 386 SEPTIMUS.
795 329 812 397 ἦ
830 331 939 385 31-33.
1201 329 1260 388 131

406 504 584 569 Auribus
606 503 742 587 lupum
765 508 891 569 teneo.
1272 515 1414 571 tn-msno

408 603 527 670 Oanis
550 604 738 671 caninam
759 624 834 671 non
857 611 926 671 est.

119 705 246 792 Adagio
276 712 325 772 est
352 705 460 772 littera
489 711 682 773 commutata
702 706 879 790 Ambagio,
911 706 998 772 diota
1031 707 1073 772 ab
1106 727 1144 774 eo
1177 707 1263 791 qnod

120 810 220 876 ambit
242 809 430 892 orationem,
452 827 556 890 neque
577 809 610 874 in
632 808 742 892 aliqua
763 829 828 875 una
848 829 884 875 re
906 809 1049 875 consistit
1070 809 1149 875 sola.
1186 812 1261 877 Am·

81 910 214 994 ubagio
243 909 330 977 diota
356 919 393 979 ut
421 911 611 977 Ambustum
640 911 726 994 qnod
755 911 871 977 oiroum
900 916 1005 977 ustum
1027 916 1092 994 est,
1125 919 1160 978 ut
1187 914 1261 978 Am·

118 1013 236 1097 biegna
265 1014 323 1080 bos
352 1013 439 1099 apud
467 1031 620 1097 augures,
654 1032 751 1095 quam
779 1013 894 1080 oiroum
923 1013 1007 1080 aliae
1034 1014 1160 1080 hostiae
1189 1034 1262 1080 oon-

118 1115 297 1181 stitnuntur.

204 1215 283 1283 Cum
312 1215 374 1282 tria
403 1217 466 1283 sint
495 1217 661 1283 ooniunota
685 1216 719 1281 in
741 1216 863 1298 origine
885 1218 1055 1282 verborum
1085 1237 1167 1302 quae
1197 1218 1261 1286 sint
1283 1218 1303 1296 ξ
1327 1219 1367 1282 32

118 1316 420 1403 animadvertenda,
457 1339 478 1385 a
507 1337 570 1401 quo
599 1318 642 1384 sit
675 1317 859 1402 impositum
888 1323 920 1385 et
954 1319 988 1386 in
1017 1340 1080 1405 quo
1110 1326 1142 1386 et
1176 1320 1263 1404 quid,

69 1431 97 1482 to
120 1439 218 1506 saepe
238 1439 302 1487 non
325 1420 429 1487 minus
451 1422 492 1488 de
514 1421 607 1487 tertio
632 1439 727 1503 quam
754 1419 795 1486 de
825 1419 926 1503 primo
956 1422 1136 1504 dubitatur,
1170 1427 1203 1487 ut
1231 1422 1264 1487 in

118 1522 179 1588 hoo
201 1528 305 1588 utrum
327 1522 463 1606 primum
485 1541 550 1588 una
571 1521 667 1587 canis
690 1526 745 1587 aut
767 1520 871 1587 Oanos
893 1524 934 1588 sit
962 1524 1144 1608 appellata;
1179 1522 1264 1590 diota

118 1624 202 1690 enim
225 1623 312 1708 apud
334 1630 460 1692 veteres
482 1645 546 1691 una
568 1643 673 1690 oanes.
713 1623 823 1704 itaque
844 1622 966 1690 Ennius
987 1625 1112 1690 scribit:

159 1724 375 1792 Tantidem
398 1727 518 1808 quasi
540 1727 626 1792 feta
647 1744 763 1791 oanes
785 1725 872 1790 sine
894 1726 1084 1792 dentibus
1107 1727 1239 1792 latrat.
1272 1739 1416 1793 lnttosnb

202 1828 358 1894 Lucilius:

66 1941 95 1992 ru
158 1931 328 2014 Nequam
344 1935 380 1996 et
395 1946 552 2013 magnus
567 1927 675 1992 homo
689 1927 877 1994 laniorum
892 1929 1066 1996 immanis
1082 1950 1198 1997 canes
1214 1938 1262 1996 ut.

117 2033 282 2115 impositio
304 2031 397 2097 unius
419 2030 531 2096 debuit
553 2048 624 2096 esse
647 2029 751 2112 Oanis,
774 2030 913 2115 plurium
935 2031 1055 2115 Canes,
1076 2032 1136 2097 sed
1157 2051 1262 2114 neque

117 2133 239 2199 Ennius
263 2132 524 2201 consuetudinem
553 2130 642 2196 illam
672 2149 810 2213 sequens
838 2132 1118 2217 reprehendendus
1149 2154 1206 2199 neo
1236 2135 1263 2198 is

118 2236 172 2316 qui
193 2255 277 2301 nuno
298 2235 376 2301 dicit
391 2234 513 2302 Oanis
536 2232 726 2299 caninam
748 2254 825 2300 non
847 2239 918 2298 est.
963 2234 1028 2300 Sed
1051 2232 1155 2298 (lanes
1177 2232 1263 2315 quod

117 2338 235 2402 latratu
259 2333 395 2422 [signum
418 2336 506 2413 dant]
529 2342 564 2401 ut
584 2334 677 2417 signa
699 2341 830 2418 canunt,
864 2334 968 2400 Canes
998 2334 1195 2419 appellatae,
1231 2343 1264 2400 et

66 2452 95 2502 uo
118 2438 204 2522 quod
226 2459 266 2505 ea
279 2458 359 2506 vooe
381 2438 525 2505 indicant
546 2444 641 2503 noctu
664 2457 746 2521 quae
768 2438 877 2521 latent,
900 2439 1048 2503 Latratus
1071 2437 1261 2519 appellatus.

119 2540 174 2606 Sio
196 2540 315 2606 dictum
338 2560 359 2606 a
381 2541 572 2623 quibusdam
594 2545 629 2604 ut
651 2558 715 2605 una
737 2539 856 2622 (lanes,
884 2559 948 2604 una
970 2537 1093 2603 Trabes
1116 2587 1123 2604 .
1147 2587 1154 2604 .
1282 2541 1302 2618 ξ
1324 2541 1365 2605 33

270 2641 394 2720 [trabes]
418 2642 538 2708 remis
559 2648 745 2709 rostrata
765 2663 838 2727 per
860 2642 995 2706 altum.

122 2826 248 2834 -——-
257 2828 278 2832 -.
286 2827 294 2832 .
301 2827 323 2832 -.
1037 2823 1259 2829 ..η--υ--ῄ

117 2932 158 2993 (=
176 2929 206 2983 id
223 2934 274 2997 est)
291 2930 323 2998 F,
349 2930 422 2984 idem
439 2931 524 2984 ceteri
538 2934 569 2983 at
586 2929 638 2983 oid.
657 2945 756 2984 omnes.
786 2959 816 2968 -—
844 2932 1032 2982 ΠαΡΟΙΜΙαΝ
1051 2926 1084 2994 F,
1112 2926 1212 2980 lacuna
1235 2927 1264 2981 irs

118 3013 213 3085 svp,
240 3035 369 3086 παρμιαν
394 3015 456 3069 Ha.
490 3045 526 3056 -
563 3015 729 3082 3ambagio]
758 3013 957 3081 Turnebus,
984 3012 1080 3080 abagio
1108 3010 1202 3066 libri.
1230 3041 1264 3050 -

117 3101 288 3155 donationes
306 3102 340 3168 d,
358 3101 445 3156 oratio
465 3101 666 3170 Scioppius.
694 3131 727 3139 -
753 3099 886 3166 ambagio]
904 3098 938 3151 ab
956 3098 1017 3167 LSp
1035 3099 1179 3168 assumpsi,
1201 3097 1262 3166 aglo

117 3182 150 3252 F,
176 3185 274 3253 adagio
298 3186 438 3241 Laetus.
473 3183 553 3255 ‘fort
573 3185 634 3255 agio
653 3184 782 3239 dictaeo
798 3183 960 3254 superioris.
978 3183 1049 3238 mule
1066 3184 1182 3254 repetita
1199 3186 1264 3236 sunt

117 3272 144 3322 et
154 3270 233 3324 sor-ib.
253 3275 418 3326 commutata
430 3270 554 3339 ambagio
567 3310 592 3324 ..
607 3271 665 3325 sola
683 3273 715 3324 ut
732 3261 898 3323 ambustum’
912 3267 982 3337 LSp.
1010 3297 1043 3306 -·
1072 3269 1262 3332 semiustum}

119 3353 213 3421 vulg,
232 3355 359 3408 adustum
376 3355 471 3410 libri.
489 3385 524 3396 -
541 3356 621 3424 quod]
640 3371 693 3423 quo
712 3355 744 3421 F,
762 3370 835 3408 corr.
854 3354 897 3420 M,
917 3352 1053 3408 Laetus.
1072 3382 1105 3391 -
1124 3356 1139 3404 6
1156 3351 1264 3406 hostiae

55 3441 59 3450 '
119 3451 190 3490 corr.
215 3453 252 3491 ex
273 3440 386 3494 hosteao
407 3440 439 3494 F.
466 3471 500 3480 —
527 3440 614 3494 8tria
636 3442 700 3494 sunt
722 3456 749 3508 p.
777 3468 810 3479 -
835 3433 914 3508 ‘fort
941 3455 1011 3508 quae
1037 3432 1112 3491 sunt’
1132 3436 1202 3505 LSp.
1231 3465 1262 3474 —

119 3525 249 3590 laquo]
270 3523 312 3591 ·l·
333 3540 419 3593 aquo
432 3525 465 3592 G,
484 3524 692 3593 scilicetaquo
710 3524 744 3577 H.
763 3552 797 3563 -
816 3527 848 3577 10
867 3540 931 3594 sepe
943 3524 976 3578 F.
994 3553 1026 3563 —
1047 3527 1074 3575 11
1090 3523 1147 3586 aut]
1165 3520 1263 3590 libri,

119 3607 256 3675 anvulg.
275 3637 307 3646 —-
325 3609 370 3674 sit]
389 3609 429 3664 sic
446 3610 509 3663 FV.
527 3639 561 3649 -
581 3612 611 3664 13
623 3610 784 3664 tantundem
796 3611 877 3663 th.
891 3607 1037 3663 Statius.
1055 3637 1088 3646 -
1106 3607 1162 3675 feta
1179 3605 1211 3660 F.
1231 3637 1263 3644 —

120 3695 151 3746 15
169 3691 299 3747 immanes
316 3694 350 3761 F,
376 3710 447 3748 corr.
466 3695 552 3763 vulg.
571 3710 609 3748 ecc
626 3695 657 3748 B.
685 3725 717 3734 -
746 3699 777 3749 18
795 3694 894 3748 canina
912 3693 944 3762 F,
971 3709 1042 3748 corr.
1061 3691 1202 3746 Laetus.
1230 3720 1263 3731 -

118 3782 149 3831 19
162 3777 273 3842 latratu]
291 3778 374 3846 MVp,
392 3778 528 3843 Laetus,
545 3778 662 3833 latratus
680 3779 712 3833 F.
734 3775 812 3849 ‘fort
831 3779 933 3833 latratu
950 3778 975 3831 si
991 3776 1034 3832 vel
1050 3792 1131 3845 quom
1147 3774 1261 3832 latratu'

116 3861 187 3932 LSp.
214 3893 248 3901 -
275 3863 381 3931 signum
403 3863 479 3926 dant]
497 3861 604 3916 seclusi.
624 3894 656 3902 -
674 3864 814 3934 appellata
831 3880 903 3918 oorr.
922 3879 959 3917 ex
977 3862 1113 3933 appellate
1130 3861 1153 3914 F
1172 3861 1263 3930 (Keil),

117 3948 272 4019 appellatae
289 3965 361 4004 corr.
373 3963 411 4003 ex
422 3947 720 4017 appellataFlilroth).
739 3979 772 3987 -
791 3952 820 4001 21
835 3963 891 4001 uua
908 3947 1000 4001 trabes
1017 3945 1099 4000 remis
1111 3946 1144 4014 F,
1162 3947 1262 4001 locuno

116 4031 238 4087 indicata
255 4033 347 4088 trabes
365 4033 515 4105 disposuit
532 4032 603 4102 LSp.
629 4032 699 4086 idem
723 4032 786 4087 olim
810 4032 843 4086 de
865 4031 917 4085 del.
934 4030 1016 4085 remis
1039 4034 1105 4085 rost.
1130 4047 1158 4100 p.
1177 4033 1263 4086 ultum

117 4120 292 4188 copitooerat.
311 4118 398 4172 Frenis·
413 4118 505 4172 orinal.
525 4117 591 4172 boso
607 4118 689 4173 verbo
706 4133 765 4171 esse
785 4117 843 4171 vult
866 4133 926 4170 cam
945 4115 1109 4171 Columna
1126 4117 1262 4173 Vahlen

116 4219 140 4257 v.
151 4207 210 4258 597.
228 4206 253 4258 si
270 4204 338 4274 quid
348 4209 496 4275 praeterea
514 4202 660 4268 intnoidit,
684 4210 784 4274 poetae
801 4218 896 4256 nomen
915 4206 942 4254 et
957 4201 1027 4271 fort.
1045 4216 1138 4256 vorsus
1155 4201 1262 4256 initiam

115 4289 248 4359 seriptum
264 4295 326 4345 orat
340 4295 405 4360 pose
421 4287 535 4344 alteram
553 4286 656 4343 trabes.

1024 4373 1059 4426 9*
