3038 5048
260 322 298 381 18
597 324 711 381 LIBER
728 325 895 394 QUINTUS.
931 331 1074 394 §cc-46.

259 494 339 563 cede
353 495 483 563 faciunt.
519 496 642 564 Merces
658 492 783 582 [dicitur
798 518 818 563 a
833 499 984 565 merendo
1007 505 1039 565 et
1053 494 1138 582 aere]
1161 498 1235 563 huic
1256 503 1412 566 vecturae

259 597 312 682 qui
334 597 457 663 ratibus
479 599 656 665 transibant
677 599 846 680 quadrans.
890 599 932 667 ab
953 621 991 668 eo
1006 600 1147 667 Lucilius
1162 599 1289 685 scripsit
1311 619 1411 684 qua·

257 698 417 765 drantis
440 698 567 766 ratiti.
1481 698 1486 709 ‘

149 801 232 881 §45
344 804 373 865 8.
407 801 543 882 Reliqua
569 802 657 868 urbis
686 804 758 869 loca
783 802 859 868 olim
882 801 1034 886 discreta,
1065 821 1136 869 cum
1157 806 1333 885 Argeorum
1356 822 1410 869 sa-

257 903 360 969 craria
388 911 511 984 septem
540 912 573 970 et
601 904 715 988 viginti
742 905 775 968 in
806 898 977 988 [qoaaeor]
1006 905 1107 989 partis
1127 904 1215 970 urbis
1245 910 1317 971 sunt
1341 903 1451 971 diso

118 1005 370 1088 (neten-bposita.
414 1009 536 1088 Argeos
559 1004 662 1071 dictos
683 1012 796 1089 putant
821 1025 841 1071 a
863 999 1075 1104 principibus,
1109 1005 1164 1087 qui
1192 1025 1264 1071 cum
1291 1005 1409 1073 Ilrcule

257 1105 377 1190 Argivo
400 1112 554 1172 venerunt
576 1108 709 1173 Romam
739 1111 771 1172 et
798 1108 832 1172 in
855 1105 1005 1173 Saturnia
1026 1108 1245 1174 subsederunt.
1293 1126 1311 1172 e
1334 1109 1409 1189 quis

256 1207 360 1292 prima
389 1209 508 1294 scripta
538 1214 586 1275 est
613 1209 700 1294 regio
724 1207 908 1291 Suburana,
938 1207 1079 1275 secunda
1100 1209 1282 1292 Esquilina,
1311 1209 1409 1275 tertia

151 1308 172 1387 g
194 1311 235 1372 46
259 1308 393 1393 Collina,
424 1317 538 1391 quarta
559 1311 716 1377 Palatina.
780 1310 816 1376 In
839 1310 1026 1377 Suburanae
1048 1311 1187 1393 regionis
1209 1317 1299 1394 parte
1320 1311 1406 1393 prin-

257 1431 332 1496 ceps
362 1419 411 1478 est
439 1411 566 1478 Caelius
595 1431 686 1478 mons
713 1434 734 1478 a
762 1413 839 1480 Oele
862 1412 1019 1496 Vibenna,
1050 1413 1155 1479 Tusco
1184 1412 1264 1479 duce
1293 1412 1408 1496 nobili,
1433 1429 1465 1480 rc

257 1515 312 1596 qui
345 1533 417 1581 cum
451 1533 509 1580 sua
541 1534 638 1579 manu
671 1514 785 1579 dicitur
814 1514 949 1580 Romulo
982 1514 1109 1581 venisse
1141 1513 1261 1581 auxilio
1294 1520 1409 1580 contra

257 1615 386 1682 Tatium
413 1635 531 1699 regem.
579 1614 653 1681 hinc
681 1620 755 1700 post
784 1615 869 1682 Oelis
898 1616 1020 1682 obitum
1047 1616 1134 1698 quod
1160 1617 1254 1682 nlmis
1282 1615 1408 1681 munita

256 1717 329 1783 loca
350 1723 494 1784 tenerent
522 1735 626 1798 neque
655 1718 723 1782 sine
751 1716 931 1800 suspicione
955 1724 1077 1803 essent,
1109 1718 1237 1784 deducti
1259 1717 1408 1783 dicuntur

255 1820 288 1884 in
310 1818 452 1903 planum.
495 1819 546 1884 Ab
570 1818 616 1885 eis
639 1818 741 1885 dictus
764 1818 852 1885 vicus
875 1820 1008 1900 Tuscus,
1038 1825 1070 1886 et
1092 1819 1165 1885 ideo
1190 1817 1236 1885 ibi
1259 1819 1406 1884 Vortum-

342 1990 356 2041 1
375 1986 476 2041 dicitur
493 2003 510 2041 a
526 1987 653 2041 merendo
673 1990 701 2041 et
720 1991 794 2051 aere]
812 1986 879 2042 baec
893 1985 974 2041 verbe
991 1984 1081 2042 delevi
1095 1991 1127 2041 ut
1143 1985 1206 2042 baio
1224 1985 1283 2040 loco
1295 1985 1408 2043 mtaime

256 2076 332 2141 apta.
361 2072 378 2139 ἦ
397 2075 445 2126 110
470 2070 575 2125 Varro:
593 2087 698 2126 merces
716 2087 733 2125 a
749 2072 886 2127 merendo.
905 2102 938 2111 —
956 2075 1029 2135 aere]
1049 2087 1094 2126 ere
1112 2069 1144 2124 1².
1162 2101 1196 2110 —
1219 2071 1273 2124 huc
1291 2073 1408 2127 vectura

146 2158 149 2162 ’
254 2156 397 2226 Madvig
408 2158 477 2211 Adv.
487 2156 524 2223 H,
534 2160 591 2224 101,
610 2157 685 2226 ccrrf.
704 2155 830 2210 Reiter'
843 2161 947 2224 quaest
960 2173 988 2226 p.
1000 2161 1043 2223 99,
1067 2155 1199 2211 Jordan
1216 2155 1285 2224 Top.
1296 2155 1331 2220 ΙΙ,
1343 2158 1404 2210 600.

254 2272 287 2282 -
306 2246 322 2296 2
340 2242 395 2310 qui]
419 2258 475 2296 noa
494 2257 564 2312 opus
581 2240 634 2296 vid.
653 2240 736 2296 scribi
753 2257 820 2309 qua,
842 2241 891 2296 scd
911 2249 961 2295 cut
977 2249 1017 2295 cst
1034 2256 1137 2295 merces
1155 2243 1215 2294 eret
1232 2239 1272 2294 eis
1289 2241 1336 2308 qui
1354 2247 1405 2294 aut

253 2331 382 2382 vecturae
392 2329 446 2396 qui,
459 2329 537 2382 cuius
546 2327 658 2395 formae
670 2325 797 2396 cntempla
809 2334 939 2397 conpecto
949 2332 1015 2379 sunt
1026 2324 1103 2397 apud
1113 2325 1239 2380 Reiter.
1249 2342 1276 2393 p.
1285 2329 1331 2378 101
1342 2330 1402 2381 not

254 2442 288 2452 -
296 2409 387 2469 ‘verba
396 2412 461 2467 huic
470 2415 598 2467 vecturae
609 2452 615 2463 .
627 2453 632 2465 .
643 2410 720 2465 ratiti
730 2416 922 2480 exspectamus
928 2410 1021 2480 potius
1029 2427 1116 2481 supra
1120 2418 1187 2481 post
1196 2411 1405 2465 advehebantur

253 2497 360 2552 retibus
369 2499 409 2551 sic
417 2498 495 2567 fere:
512 2496 577 2550 huic
586 2500 713 2550 vecturae
724 2495 870 2563 quadrans.
889 2495 965 2551 abeo
976 2495 1100 2550 Lucilius
1112 2495 1184 2563 quod
1192 2494 1299 2549 ratibus
1308 2498 1402 2548 trans·

253 2581 340 2648 ibant,
360 2581 470 2649 scripsit
482 2580 641 2648 quadrantis
653 2574 742 2635 ratiti‘
763 2579 834 2650 LSp.
853 2610 886 2619 -
904 2583 918 2632 5
938 2585 1050 2649 septem]
1068 2585 1198 2648 quattuor
1214 2579 1401 2634 Mommsen

254 2666 392 2734 Tribusp.
404 2669 462 2732 213,
480 2664 785 2732 HuschkeServ.lp.
796 2668 854 2733 201,
873 2665 1106 2735 SchveglerR.
1118 2663 1233 2718 01310
1243 2679 1291 2732 sq,
1309 2663 1400 2718 Mar·

253 2749 379 2817 quardt
395 2749 504 2803 Handb.
515 2750 541 2802 d.
551 2755 617 2803 rbm.
628 2750 726 2805 Altert.
745 2750 796 2804 Bd.
807 2753 831 2804 4.
851 2750 867 2818 §
880 2753 928 2804 200
938 2749 958 2803 f.
973 2751 1052 2803 etiam
1066 2749 1145 2818 infra
1154 2748 1207 2803 VH
1217 2751 1231 2815 ξ
1242 2752 1276 2802 44
1289 2746 1350 2802 aar
1360 2752 1402 2801 est

252 2833 369 2901 XXVII,
388 2849 444 2887 raon
458 2833 557 2888 XXIV.
584 2834 633 2888 scd
642 2835 729 2903 suello
740 2835 950 2904 confunduntur
961 2835 1067 2889 XXIIII
1081 2841 1108 2890 et
1121 2833 1227 2889 XXUII
1239 2833 1352 2886 numeri.
1370 2863 1401 2871 -

253 2922 357 2989 septem
369 2923 397 2973 ct
407 2919 504 2987 viginti
515 2919 552 2984 in]
572 2919 642 2989 LSp,
660 2919 689 2973 in
707 2924 811 2990 septem
829 2925 857 2976 et
868 2920 966 2989 uiginti
977 2921 1067 2975 libri.
1087 2925 1235 2991 praeterea
1247 2917 1351 2972 idem:
1369 2917 1399 2971 in

253 3005 403 3071 [quattuor]
415 3003 502 3071 partis
521 3004 596 3058 urbis
609 3007 700 3059 essent
713 3004 854 3075 disposita.
882 3009 1011 3073 quattuor
1029 3023 1080 3060 om.
1098 3004 1189 3060 libri.
1226 3002 1299 3070 conf.
1319 3001 1338 3056 J
1343 3017 1399 3056 cr-

253 3089 319 3141 dan
338 3087 406 3156 Tcp.
424 3087 466 3155 ΙΙ,
486 3091 545 3154 238,
569 3088 617 3158 qai
634 3094 662 3142 ct
679 3089 738 3160 ipsc
756 3088 877 3143 sacraria
893 3089 998 3143 XXIIII
1014 3091 1044 3144 in
1061 3090 1115 3144 1111
1131 3088 1225 3159 partis.
1251 3117 1283 3125 -
1309 3086 1400 3152 urbis]

253 3174 395 3241 Laetus,
413 3172 475 3226 urbi
492 3173 633 3228 libri-
650 3173 705 3228 sint
719 3174 900 3229 Laetus—
917 3175 1173 3239 6010001002.-
1191 3169 1397 3239 'lArgivol‘ex-

252 3265 357 3330 spectes
369 3258 450 3327 Argis
461 3257 503 3312 vel
514 3252 620 3327 Argivi'
631 3258 701 3327 LSp.
713 3289 745 3297 —
763 3258 886 3322 Romam]
899 3257 976 3329 ‘fort
987 3258 1047 3315 dcl?
1064 3261 1134 3331 LSp.
1152 3289 1180 3298 -
1201 3260 1216 3311 8
1234 3259 1276 3310 eet
1293 3254 1401 3324 scripta

251 3343 390 3397 Laetus.
401 3372 434 3380 -
450 3342 602 3408 Suburana]
616 3343 711 3411 vulg,
730 3344 891 3411 suburbana
904 3344 949 3414 1²²,
967 3337 1125 3401 suburbana
1134 3344 1170 3398 F¹
1179 3358 1237 3396 cum
1248 3341 1351 3394 ceteris.
1363 3371 1397 3380 —

253 3426 449 3490 bsuburanae]
466 3427 550 3496 vulg.
564 3444 601 3481 ex
613 3429 646 3497 B,
665 3428 839 3484 suburbanae
856 3431 956 3498 libri,
974 3428 1051 3501 ‘fort
1064 3430 1167 3502 primae
1180 3427 1340 3483 Suburanae
1352 3441 1397 3480 re·

252 3511 339 3582 gicnis
357 3527 422 3581 pars
441 3511 484 3565 ecl
499 3511 602 3579 primae
615 3512 774 3569 Suburanae
786 3515 905 3582 regionis
919 3516 1009 3571 Celius
1020 3517 1110 3572 mons'
1123 3513 1194 3583 LSp.
1209 3543 1241 3551 -
1261 3516 1292 3567 10
1311 3511 1398 3566 celius

250 3597 337 3653 libri
354 3603 380 3651 ot
398 3595 442 3650 bio
459 3601 486 3650 et
502 3596 589 3665 iufra.
607 3628 641 3637 -
660 3598 733 3662 Cels]
753 3599 804 3653 celi
814 3599 847 3667 V,
865 3601 933 3655 celio
951 3601 1089 3657 Laetus.
1114 3598 1189 3669 conf.
1199 3595 1396 3663 Nieb.l,396,

251 3681 376 3736 Mdller
388 3681 440 3735 Die
450 3680 586 3735 Etruslror
594 3682 620 3734 1²
630 3683 681 3746 (ed.
692 3683 812 3748 Deecke)
824 3701 851 3752 p.
865 3690 913 3740 110
923 3702 972 3755 sq,
986 3687 1048 3741 adn.
1062 3688 1109 3739 125
1119 3692 1145 3739 et
1155 3686 1212 3737 128.
1225 3712 1258 3720 -
1276 3679 1397 3735 uibenna

251 3765 420 3837 Epitome,
437 3765 557 3819 uibouno
575 3765 658 3820 libri
676 3767 861 3831 (oelcuibenno
875 3770 916 3834 F).
931 3801 963 3810 -
985 3775 1016 3824 12
1029 3770 1147 3833 Tatium]
1165 3766 1328 3831 Puccius,
1345 3763 1394 3818 Sa-

250 3851 344 3905 binum
363 3851 448 3918 vulg.
467 3867 504 3904 cx
521 3850 558 3917 B,
585 3850 701 3904 latinum
718 3852 812 3907 libri.
842 3850 938 3910 ‘Varro
956 3860 1048 3910 tamen
1071 3854 1138 3908 dicit
1154 3852 1298 3908 Romulum
1316 3847 1394 3901 diuni-

251 3939 342 3989 catum
365 3939 461 3990 contra
480 3936 572 3990 Titum
591 3935 700 3989 Tatium
718 3951 735 3989 a
751 3937 970 4007 Lucumonibus,
993 3941 1046 3995 boc
1063 3943 1105 3993 est
1123 3937 1235 4002 Tuscis,
1263 3932 1394 3991 auxilium

250 4017 414 4086 postulasse,
432 4021 505 4075 unde
523 4020 633 4089 quidam
650 4020 724 4074 venit
742 4036 804 4075 cum
822 4024 952 4092 exercitu,
971 4027 1016 4079 cui
1032 4025 1142 4089 recepto
1158 4021 1214 4072 iam
1230 4019 1311 4074 Tatio
1329 4033 1395 4087 pars

249 4101 325 4155 urbis
335 4107 377 4158 est
387 4105 460 4171 data,
476 4121 559 4173 aquo
575 4105 604 4158 in
613 4105 681 4158 urbe
691 4104 798 4160 Tuscus
812 4107 901 4163 dictus
912 4114 955 4163 θεῖ
963 4103 1049 4163 vicus’
1061 4105 1199 4160 Servius
1209 4105 1277 4158 Aen.
1288 4103 1321 4170 V,
1335 4105 1393 4156 560.

249 4213 283 4224 -
300 4192 371 4254 post]
388 4194 480 4256 potest
498 4189 542 4257 F¹,
559 4194 622 4260 post
639 4190 684 4244 F2.
705 4220 735 4229 —
755 4191 820 4245 celis
838 4194 870 4261 B,
888 4194 978 4262 vulg.
987 4192 1016 4245 ia
1026 4204 1122 4257 marp,
1141 4186 1231 4241 (leolis
1248 4189 1394 4255 Jordan,

250 4268 374 4338 Grcth,
401 4273 463 4326 celii
480 4274 580 4343 libri,
598 4275 650 4328 cist
668 4274 744 4344 quod
760 4275 812 4330 celi
829 4276 862 4332 V.
885 4307 918 4316 -
946 4281 978 4331 14
993 4274 1063 4336 ideo]
1082 4285 1132 4324 cm.
1152 4269 1392 4340 GHEpitome.
