3038 5048
666 279 757 333 Satura
775 281 871 335 critica.
1269 302 1340 361 nm

186 457 275 531 plano
297 455 406 524 fruetus
429 454 589 527 capiebant,
615 452 735 527 Compos
759 456 862 522 dictum
881 461 1070 528 posteaquam
1086 473 1230 529 prosumo
1250 476 1339 533 cupe-

187 542 268 598 rt'oro
291 541 356 597 loco
378 540 469 595 991999
491 545 650 611 coeperunt,
673 540 822 595 99919999
842 537 1147 612 09119999991199991;
1170 557 1239 614 quos
1254 559 1338 615 egros

187 643 245 683 999
267 625 397 680 colebant
415 630 534 695 propter
554 623 643 679 siloes
666 629 716 677 991
736 623 767 678 r'd
787 637 885 695 genos,
914 624 963 680 ubi
982 640 1069 695 pecus
1087 626 1180 698 possit
1197 629 1289 699 posci,
1313 636 1339 684 91

183 709 378 784 possidebant,
402 707 439 762 ob
461 723 514 761 999
536 722 587 762 ruo
602 705 699 763 Saltus
717 707 907 763 nominarunt.
930 707 1000 763 doro
1023 709 1107 764 ctiam
1124 706 1229 766 Graeci
1250 711 1337 791 νέμῃ,

187 794 279 851 nostri
305 791 439 848 Nemore.
484 791 549 864 quid
576 791 642 848 haec
669 788 841 863 significant‘l
875 808 908 847 an
937 791 970 847 ab
998 808 1048 848 suo
1077 801 1104 849 91
1132 793 1227 851 alendo
1254 796 1338 854 saltus

188 872 348 933 derivatur‘l
382 876 428 932 sed
451 876 522 931 acuit
545 874 623 932 verba
641 876 839 947 possidebant,
874 877 910 932 ab
939 872 993 932 999
1020 893 1088 942 suo,
1122 886 1153 933 ut
1180 879 1338 937 Lachmanni

188 969 368 1016 commentum
391 961 426 1016 91
449 976 502 1014 999
524 960 604 1017 99199
627 960 754 1015 Varronis
776 961 934 1017 sententiam
957 961 1086 1017 divinasse
1108 962 1246 1028 videatur,
1271 982 1338 1022 nos-

186 1062 240 1119 que
261 1044 288 1100 id
310 1045 336 1099 in
359 1045 479 1101 ordinem
501 1045 658 1118 recepimus.
689 1052 716 1101 at
737 1045 796 1118 quis
826 1053 882 1111 est,
917 1045 964 1119 qui
993 1062 1049 1101 non
1077 1045 1142 1102 haec
1170 1049 1260 1121 potius
1290 1067 1338 1106 ex·

185 1137 303 1203 spectet,
336 1130 384 1185 obi
401 1145 490 1201 pecus
510 1136 607 1202 posset
628 1129 710 1201 posci
731 1136 757 1184 et
778 1130 881 1194 salire,
910 1146 1022 1202 pascuo
1045 1137 1071 1186 et
1092 1132 1183 1187 soltus
1208 1134 1338 1190 uomina·

185 1216 272 1269 runt?
305 1213 430 1270 nolumus
458 1231 522 1269 vero
552 1215 579 1268 in
609 1213 650 1269 lris
681 1213 762 1270 rebus
791 1214 916 1270 Varronis
945 1215 1081 1288 ingenium
1109 1233 1251 1288 superare,
1289 1219 1335 1276 sed

185 1314 297 1355 acumen
320 1299 481 1355 correctoris
503 1299 532 1362 B,
556 1299 603 1371 qui
624 1314 749 1372 graecum
778 1297 938 1355 vocabulum
965 1293 1063 1373 ἄλσος
1091 1300 1194 1366 intulit,
1230 1303 1336 1376 egregie

186 1382 281 1439 elucet.
325 1382 375 1438 snb
398 1383 478 1439 finem
501 1384 585 1439 etiarn
607 1400 688 1439 sensu
711 1391 798 1449 caret,
831 1401 919 1457 neque
946 1392 1034 1440 tamen
1064 1401 1125 1441 cum
1147 1386 1217 1442 dldo
1247 1386 1337 1444 delere

184 1467 255 1532 licet,
278 1476 369 1540 aptum
392 1476 433 1524 est
453 1467 555 1523 inserto
577 1467 688 1523 relativo
710 1466 780 1522 haee
802 1469 887 1523 ctiam
910 1470 984 1540 quod
1007 1467 1113 1532 Graeci
1134 1470 1222 1548 vlup,
1245 1473 1336 1528 nostri

184 1568 309 1618 9999999,
332 1553 371 1607 919
392 1552 454 1607 alibi
477 1569 586 1625 quoque
609 1553 672 1608 dicit
693 1569 781 1625 neque
804 1553 906 1608 dativus
929 1555 1094 1610 necessarius
1117 1565 1167 1612 est.

270 1636 340 1693 Haec
361 1636 470 1710 puerilis
485 1646 605 1693 veterum
627 1637 654 1691 in
678 1637 837 1709 explicandis
853 1637 990 1694 vocabulis
1013 1639 1082 1695 ratio
1105 1638 1195 1703 elficit,
1219 1648 1250 1695 ut
1272 1656 1333 1696 cum

183 1718 265 1777 verbe
285 1720 357 1777 hand
379 1738 440 1777 raro
464 1721 519 1776 sint
537 1721 655 1785 incerta,
689 1738 769 1794 saepe
798 1721 953 1778 haereamus
981 1740 1031 1780 nec
1060 1723 1125 1797 quid
1147 1722 1229 1780 velint
1258 1723 1334 1781 lacile

183 1804 369 1879 intelligamus,
393 1805 471 1863 utin
492 1805 582 1862 limine
604 1806 692 1880 operis
715 1806 745 1871 V,
773 1808 828 1865 18:

271 1915 748 1980 09919999919999991191Α91199
771 1925 845 1996 quod
870 1932 910 1980 est
939 1925 1081 1980 coelatum
1110 1932 1159 1980 991
1189 1926 1333 1981 contrario

268 2009 534 2073 99999999191999,
562 2008 636 2080 quod
657 2016 785 2079 opertum
807 2015 856 2063 est.
900 2025 957 2065 999
979 2011 1067 2073 mole,
1098 2011 1173 2080 quod
1191 2012 1335 2081 posterior

268 2094 354 2149 multo
372 2095 469 2164 potius
492 2111 511 2148 9
533 2094 611 2148 99919
635 2107 718 2163 qoam
744 2093 852 2147 9991999
874 2110 893 2147 9
916 2094 1044 2148 celando.
1080 2094 1130 2148 sed
1157 2110 1214 2148 999
1241 2096 1333 2149 miuus

267 2177 340 2233 tttod
372 2179 492 2233 91199999
527 2178 560 2232 de
589 2177 706 2232 celando
733 2178 825 2247 potuit
859 2177 928 2241 91191,
963 2178 1036 2249 quod
1067 2177 1191 2232 interdiu
1224 2180 1335 2233 9919199

268 2276 353 2333 quom
375 2263 449 2334 quod
469 2268 553 2318 99919
574 2278 632 2317 999
654 2261 771 2315 celatur.
1356 2256 1360 2265 '

181 2378 259 2436 Plinii
286 2379 367 2436 verba
389 2379 419 2441 ΙΙ,
445 2384 473 2444 4,
498 2382 515 2437 9
546 2380 654 2434 coelum
684 2379 795 2449 quidem
825 2375 894 2432 taor
923 2377 1005 2431 dubie
1035 2377 1140 2431 coelati
1170 2384 1333 2445 argumento

181 2465 313 2529 91999999,
335 2470 366 2518 91
387 2465 592 2536 interpretatur
605 2462 646 2520 Μ.
666 2462 754 2518 Varro
777 2461 881 2517 aliunde
904 2461 999 2516 hausta
1020 2470 1143 2516 nostrum
1165 2459 1256 2514 locum
1278 2476 1333 2516 non

181 2549 330 2622 attingunt,
365 2547 437 2604 conl.
460 2549 578 2604 Isidorus
607 2565 635 2620 p.
659 2550 720 2604 414
743 2546 773 2603 L.
804 2546 836 2603 de
865 2562 953 2601 rerum
982 2556 1036 2600 nal.
1061 2562 1085 2600 c.
1113 2546 1165 2610 133
1200 2543 1333 2617 duplicem

182 2633 248 2690 caeli
270 2633 399 2704 originem
421 2651 434 2687 a
458 2632 601 2696 caelando,
633 2631 706 2704 quod
729 2631 812 2686 stellis
834 2629 969 2703 sculptum
993 2638 1048 2694 est,
1080 2638 1107 2685 et
1128 2646 1143 2685 a
1165 2627 1275 2685 celando
1299 2629 1333 2685 ab

181 2717 259 2774 delio
281 2717 374 2773 reterri
396 2727 515 2781 constat,
550 2716 598 2773 sed
625 2714 705 2771 verba
734 2725 861 2787 corrupta
889 2715 960 2769 varie
989 2723 1016 2770 et
1043 2713 1167 2788 explicari
1189 2722 1217 2770 91
1236 2713 1333 2788 refingi

180 2809 307 2876 possunt.
350 2810 483 2874 postrema
506 2801 624 2874 magistri
646 2799 804 2855 sententiam
827 2816 840 2854 e
862 2798 944 2855 verbo
967 2798 1068 2855 celandi
1090 2808 1223 2871 sumptam
1245 2800 1334 2855 corri-

181 2895 264 2960 gunt,
298 2902 352 2941 non
376 2877 817 2963 9999999911199999999999,
852 2900 904 2957 qua
933 2883 1034 2939 caelum
1064 2884 1138 2957 quod
1167 2892 1249 2940 noctn
1277 2900 1333 2939 non

181 2971 292 3036 celetur,
314 2971 332 3026 i.
349 2988 373 3027 9.
395 2980 516 3044 apertum
539 2971 582 3034 sit,
607 2970 706 3025 dictum
729 2977 846 3038 censeat,
869 2985 924 3024 non
946 2969 1034 3024 minus
1056 2978 1128 3025 recte
1151 2969 1223 3042 quod
1246 2970 1332 3024 inter-

180 3057 227 3113 diu
249 3055 350 3112 celetur
375 3064 402 3111 91
424 3054 515 3111 9191199
542 3071 573 3110 99
599 3053 685 3110 sidera
707 3071 763 3109 non
785 3053 947 3126 aspiciantur
969 3053 1020 3129 dici
1041 3070 1129 3126 posse.
1176 3071 1240 3110 num
1262 3048 1333 3113 κατ’

180 3136 373 3220 9991999999
391 3140 476 3195 191199
497 3129 655 3195 translatum
676 3128 1003 3194 91199919999-9999999
1032 3138 1170 3211 quaeritur
1197 3140 1244 3208 (99
1266 3153 1332 3192 999-

181 3227 272 3282 trotio
293 3225 376 3281 latine
399 3224 467 3280 hanc
489 3224 552 3280 dicit
575 3223 708 3279 Charisius
738 3241 765 3296 p.
790 3224 874 3292 276),
906 3223 951 3277 scd
982 3222 1087 3294 negatio
1110 3221 1210 3278 >abesse
1239 3221 1333 3293 nequit

180 3311 235 3367 sive
256 3309 391 3374 addenda,
415 3309 469 3364 sive
491 3309 655 3364 en'reomt‘ne
678 3307 851 3381 restituenda.
897 3322 965 3378 quae
987 3314 1154 3379 sequuntur,
1176 3321 1239 3376 ¹non
1262 3320 1331 3359 con-

181 3394 306 3460 veniunt3
345 3393 410 3466 qnid
439 3393 508 3448 enim
530 3392 612 3469 ¹llarro
641 3408 698 3447 999
725 3392 799 3446 mole
829 3391 918 3445 dicens
949 3387 1067 3464 prohat‘l
1097 3388 1209 3445 ‘delium
1231 3386 1333 3444 scilicet

179 3477 282 3535 caelum
297 3495 312 3534 a
327 3477 447 3541 celando,
470 3493 526 3533 non
541 3476 668 3533 caelando
684 3475 825 3536 derivasse,
849 3483 877 3530 at
899 3474 955 3530 eius
969 3473 1048 3530 verba
1072 3475 1124 3529 lioc
1145 3463 1199 3529 non
1223 3471 1330 3528 docent.

180 3563 305 3620 audacius
321 3561 417 3618 lliillcr
437 3563 579 3634 posterior
594 3561 705 3616 mutavit
726 3561 753 3615 in
772 3560 865 3632 prius,
889 3550 1008 3614 alteram
1021 3558 1178 3614 sententiam
1201 3572 1256 3611 non
1278 3556 1331 3610 im-

179 3647 278 3721 probat
299 3647 339 3703 991
362 3646 446 3719 priori
467 3647 558 3720 potius
580 3645 698 3719 praefert
720 3643 819 3707 Varro,
850 3643 921 3699 unde
951 3660 1011 3698 eum
1034 3641 1171 3715 scripsisse
1192 3639 1331 3713 probabde

180 3741 234 3788 est:
267 3749 324 3787 999
345 3732 419 3787 mole
438 3733 594 3802 posterius,
625 3731 699 3802 quod
719 3730 804 3785 999119
824 3729 921 3800 potius
944 3744 962 3782 9
985 3728 1063 3783 99919
1087 3726 1223 3797 (coelare)
1247 3738 1331 3795 quom

179 3817 289 3872 eoelum
311 3833 330 3872 9
351 3816 499 3876 caelando.

265 3917 295 3980 V,
321 3918 359 3974 65
383 3915 436 3971 hoc
457 3915 550 3970 ordine
571 3913 592 3968 Il
614 3914 693 3970 verba
717 3912 837 3970 exhibet:

660 4006 686 4053 91
708 3999 781 4053 idem
803 3996 834 4052 lu*
856 3997 901 4052 dci
924 3996 1012 4052 celum
1033 4000 1058 4048 ot
1082 4001 1158 4048 terro
1180 3987 1313 4069 Iupiter}

180 4093 208 4141 et
223 4085 293 4141 1999
310 4085 384 4157 quod
405 4091 435 4139 91
458 4084 499 4138 ait
514 4081 624 4138 Ennius
646 4083 711 4139 istic
734 4089 775 4137 991
797 4083 821 4136 le
837 4080 946 4153 Iupiter
967 4093 1047 4150 quem
1068 4078 1130 4133 dico
1154 4092 1233 4148 quem
1254 4079 1332 4150 greci

877 4169 979 4219 999991
1002 4178 1095 4217 ocrem
1121 4156 1312 4238 9919991991
