3038 5048
613 295 703 350 Satura
722 298 818 350 critica.
1190 315 1283 374 nxxnt

134 475 229 535 dicunt
251 471 434 546 [scaeptrnm,
465 470 582 544 partim]
604 480 743 545 sceptrum
770 492 788 529 a
868 473 1196 561 lauti.„[aeneratricem‚
1230 477 1283 533 alii

39 569 40 572 ’
131 557 343 630 feneratricem,
366 556 407 610 sic
429 555 582 627 faenisicia
605 573 638 612 ac
659 556 805 628 senisicia,
830 573 863 613 aa
885 559 985 613 rustici
1002 557 1131 645 pappum
1152 560 1280 625 blesium,

133 659 190 698 non
213 641 366 704 Maesium,
390 657 408 697 a
431 655 484 711 aua
508 640 634 696 Lucilius
655 642 768 698 scribit:

339 724 478 780 Caeciliae
502 725 627 797 (pretor)
649 743 684 781 ne
706 727 828 782 rusticus
850 727 908 799 fiat.

133 814 197 868 ideo
221 811 403 874 obscaenum,
438 811 512 880 quod
533 811 590 866 nisi
611 813 642 866 in
663 828 768 867 scaena
789 812 888 883 palam
911 811 967 867 dici
988 827 1045 867 nan
1068 813 1160 877 decet,
1195 829 1283 885 auare

136 904 233 967 turpe,·
253 901 346 966 potest
368 895 412 950 cel
434 896 470 951 ab
493 911 524 950 eo
549 897 623 967 pund
640 897 739 969 pneris
763 897 907 969 turpicula
929 912 974 951 res
997 896 1028 950 in
1051 897 1122 952 collo
1145 900 1284 968 quaedam

134 979 324 1051 suspenditur,
345 979 382 1034 'ne
407 980 475 1051 quid
497 981 570 1036 obsit
591 982 628 1036 iis
652 983 742 1037 bonae
764 998 884 1037 scaevae
908 997 1007 1052 causa,
1028 982 1162 1038 scaevola
1184 984 1284 1056 appel·

135 1066 205 1121 lata.
251 1081 285 1119 ea
308 1065 384 1120 dicta
406 1065 442 1120 ab
465 1081 585 1131 scaeva,
613 1067 644 1122 id
666 1074 707 1121 est
728 1067 861 1131 sinistra,
887 1067 961 1137 quoti
983 1082 1055 1138 quae
1077 1067 1196 1124 sinistra
1218 1075 1283 1124 sunt

136 1138 363 1222 bona'auspicia
386 1149 599 1215 existimantur,
634 1168 651 1206 a
675 1167 728 1224 quo
751 1153 855 1208 dicitur
882 1153 995 1207 comitia
1018 1152 1132 1207 aliudue
1158 1153 1226 1226 quid
1246 1154 1283 1210 sit

135 1232 218 1307 [dini]
251 1235 300 1289 ani
331 1231 449 1291 sinistra
474 1251 551 1308 'quae
580 1235 680 1309 (qual)
713 1254 787 1293 nunc
817 1244 867 1292 est.
912 1237 943 1292 tt
972 1253 991 1291 u
1019 1230 1121 1308 arbaco
1152 1239 1226 1311 quod
1253 1237 1284 1294 ln'

133 1321 279 1374 sinistram
309 1312 430 1381 σκαιάν.
483 1335 571 1391 auare
601 1323 675 1394 quad
703 1322 765 1377 clini
793 1324 962 1378 obscaenum
990 1314 1079 1394 turpe.
1126 1319 1212 1378 Omen
1243 1330 1284 1378 est

134 1420 236 1469 osmen,
261 1406 335 1476 quot
356 1407 430 1461 uncle
452 1406 483 1461 itl
504 1407 608 1462 dicitur
631 1423 661 1461 os
685 1423 787 1473 armen,
812 1424 825 1462 e
848 1423 903 1480 quo
925 1406 947 1463 S
970 1382 1109 1463 eatrilum.

221 1491 238 1562 §
264 1493 300 1546 ΙΙ
330 1488 413 1563 Apud
435 1489 568 1547 Plautum
590 1492 620 1546 in
643 1490 777 1547 Parasito
805 1493 906 1564 pipro,
939 1493 1005 1547 inde
1033 1490 1079 1546 bic
1107 1494 1141 1548 tle
1166 1500 1284 1565 neporus

130 1575 224 1647 primo
248 1576 420 1647 crepusculo,
445 1575 491 1631 ubi
512 1576 575 1632 Pius
598 1577 666 1632 bene
685 1584 772 1649 potus
795 1578 868 1650 quod
883 1575 1000 1650 prabum
1015 1577 1127 1642 videtur,
1151 1577 1283 1642 currerim

134 1677 239 1716 versum
262 1659 379 1734 Scaliger
401 1659 488 1733 explet
506 1662 630 1733 primulo
654 1663 820 1733 crepusculo
843 1663 922 1718 utin
946 1662 1003 1718 Cas.
1026 1679 1050 1716 v.
1068 1666 1117 1726 40,
1141 1662 1187 1718 sed
1210 1661 1284 1736 quod

135 1745 211 1799 etiam
242 1740 334 1816 primo
368 1762 430 1799 cum
463 1746 627 1818 crepusculo
661 1746 702 1801 vel
736 1747 899 1820 transposito
932 1748 1093 1821 pronomine
1120 1748 1185 1802 inde
1215 1748 1284 1802 bene

133 1837 216 1902 potus
237 1829 282 1884 bic
301 1831 395 1902 primo
418 1831 582 1902 crepusculo
605 1847 664 1886 esse
686 1840 785 1904 potest,
808 1832 886 1904 plura
908 1843 1010 1889 mutare
1032 1850 1113 1889 ausus
1137 1849 1191 1888 nan
1213 1849 1282 1895 sum,

134 1924 161 1969 et
182 1913 296 1970 sortasse
318 1925 382 1970 sunt
404 1915 450 1987 qui
473 1915 541 1970 bene
560 1923 645 1987 patus
668 1932 760 1971 varum
783 1933 840 1972 osse
863 1916 994 1974 dubitent.

199 1999 356 2055 ,Interdum
373 1998 498 2055 Varronis
514 1999 593 2055 lectio
617 1999 697 2056 distat
718 2017 733 2055 a
754 2002 917 2074 scriptorum
933 2001 1015 2065 libris,
1039 2019 1156 2076 quorum
1171 2002 1284 2059 maxime

134 2083 313 2140 memorabilis
336 2084 413 2140 locus
435 2093 476 2140 est
497 2086 515 2156 ᾗ
540 2085 579 2142 84
603 2102 634 2140 eu
656 2085 772 2142 Terentii
794 2085 907 2158 Adelph.
931 2087 950 2150 I,
976 2088 1004 2151 2,
1023 2089 1078 2144 37:

380 2176 530 2233 coartatur,
551 2176 645 2242 potat,
670 2170 724 2225 olet
745 2179 891 2240 unquenta
913 2172 947 2226 tle
969 2186 1038 2227 meo.

133 2254 256 2309 scortari
279 2261 318 2308 est
340 2254 455 2326 saepius
478 2255 683 2310 meretriculam
706 2257 808 2310 ducere
824 2295 831 2309 .
850 2295 856 2309 .
875 2296 882 2310 .
903 2255 949 2310 ubi
971 2254 1088 2310 Terentii
1108 2252 1170 2308 libri
1193 2271 1285 2311 omnes

136 2339 309 2409 absonat,
338 2346 421 2411 potat
442 2338 584 2412 praebent,
615 2355 694 2412 quam
717 2339 871 2394 varietatem
895 2338 1019 2395 Varronis
1042 2337 1185 2393 memoriae
1206 2338 1284 2411 lapsu

136 2430 224 2478 natam
253 2431 358 2496 putant.
407 2441 467 2479 cnm
497 2424 608 2479 verbum
636 2425 759 2479 scortari
786 2423 879 2478 multis
911 2423 998 2479 dedita
1026 2438 1108 2496 opera
1136 2431 1286 2495 exponatur

135 2524 185 2564 nec
209 2507 373 2564 transeundo
395 2508 497 2564 illatum
520 2509 563 2572 sil,
586 2509 733 2564 Varronem
756 2509 782 2563 in
806 2509 919 2564 Terentii
941 2507 1015 2563 libris
1037 2513 1195 2572 scortatur,
1229 2523 1285 2562 non

135 2593 254 2649 absonat
275 2593 408 2648 invenisse
433 2593 496 2648 mihi
518 2601 620 2648 certum
643 2603 698 2658 est;
722 2593 885 2666 posteriores
906 2593 1045 2650 honestius
1068 2592 1178 2649 verbum
1202 2608 1286 2665 repn-

135 2677 222 2732 suisse
243 2675 412 2748 videntur.*)
458 2679 475 2748 ξ
499 2680 535 2736 81
563 2676 685 2732 Pseiulnli
707 2695 800 2734 versus
824 2681 899 2736 955:

289 2768 320 2815 ut
343 2768 532 2833 transuersus,
554 2778 611 2817 non
630 2779 785 2834 pronersus
809 2764 880 2819 aedil
903 2763 985 2835 quasi
1007 2779 1109 2818 cancer
1130 2763 1201 2819 solet

136 2845 223 2901 Plauti
244 2844 306 2900 libri
326 2862 383 2901 nan
403 2863 523 2918 prorsus
545 2863 641 2903 uerum
664 2863 700 2903 ea
722 2855 894 2904 transuerso.
938 2847 968 2902 ln
990 2847 1136 2903 Trinummi
1157 2864 1182 2902 r.
1207 2847 1284 2906 886:

221 2931 385 2986 concubium
406 2933 443 2988 sit
464 2933 568 2997 noctis,
595 2932 765 3006 priusquam
787 2935 825 2989 acl
843 2939 1017 3006 postremum
1037 2932 1201 3005 perveneris

138 3015 220 3072 Varro
243 3016 295 3078 Vll,
320 3017 359 3073 78
383 3018 422 3072 ad
444 3018 551 3075 omittit.
574 3017 656 3073 semel
679 3019 735 3091 ipse
759 3018 841 3074 Varro
869 3019 897 3073 in
926 3018 1019 3074 eodem
1041 3034 1121 3073 versu
1144 3017 1218 3072 Asin.
1242 3016 1285 3079 ΙΙΙ,

138 3103 166 3165 3,
185 3104 234 3166 95,
257 3101 348 3163 variat,
372 3112 446 3159 certe
466 3103 486 3158 V
509 3103 550 3166 Vl,
570 3106 603 3160 7:

338 3186 493 3252 uidebitur,
516 3188 623 3260 sactum
645 3188 724 3250 uolo,
747 3187 837 3243 redito
861 3187 1011 3243 conticinio

137 3269 230 3326 scribit
251 3279 278 3325 et
299 3268 353 3333 Vh,
379 3276 417 3331 79
443 3314 449 3327 .
474 3314 480 3328 .
503 3274 566 3329 nalo
597 3274 635 3329 atl
663 3273 800 3341 reditum,
834 3274 852 3331 i.
875 3289 900 3328 e.
923 3280 952 3328 at
974 3272 1036 3327 retii
1058 3263 1167 3342 tum‚*)
1199 3267 1287 3324 Plauti

136 3353 197 3409 libri
219 3355 309 3409 redito
331 3354 399 3411 buc
422 3359 581 3413 conticinio.
628 3355 686 3412 Alia
709 3357 827 3412 notanda
848 3358 931 3431 magis
954 3374 1032 3430 quam
1060 3355 1185 3412 mutanda
1212 3361 1285 3416 sunt,

137 3446 168 3494 ul
191 3438 243 3502 Vll,
271 3439 322 3494 12:

291 3523 352 3593 quis
371 3532 529 3596 poteraut
552 3533 688 3597 copnatus
710 3523 785 3582 uolet
806 3542 858 3582 nos
881 3537 980 3582 contra
1003 3526 1096 3581 tueri?

138 3607 184 3663 nbi
206 3606 307 3663 Ritschl
330 3607 455 3665 iambicos
478 3627 605 3666 numeros
626 3609 719 3684 fingit:

428 3696 490 3765 quis
512 3711 563 3750 nos
582 3701 668 3766 pater
690 3703 741 3750 aut
764 3702 898 3767 aequatus
920 3695 994 3750 nolet

225 3840 250 3903 *)
268 3838 325 3902 [hac
343 3836 374 3889 de
393 3853 420 3890 re
438 3855 483 3918 cur
500 3840 574 3893 aliter
591 3840 707 3922 viaeatur
724 3842 887 3894 indicandum
904 3855 962 3892 esse
986 3839 1092 3905 exposui
1112 3835 1287 3956 Sitzuppsber.

141 3906 185 3958 ΙΙ
205 3906 1286 4043 tattalatebambrittanniauitiatum,mat,

141 4049 167 4093 et
187 4048 277 4107 postea
297 4043 333 4093 ad
350 4042 445 4106 addito,
463 4046 493 4094 ut
511 4043 631 4097 Varronis
649 4047 786 4098 memoriae
804 4047 841 4098 sic
858 4044 1014 4096 inhaeserint
1026 4041 1103 4093 verbu
1117 4041 1206 4091 redito
1225 4057 1287 4093 cou-

142 4113 237 4162 ticinio
256 4112 352 4163 omisso
370 4113 430 4164 buc.
456 4117 566 4164 ceterum
586 4113 634 4165 hac
653 4129 755 4181 qnoque
774 4113 914 4167 notandum
931 4111 1000 4178 quod
1019 4110 1099 4162 altero
1118 4109 1179 4188 loco
1189 4107 1241 4174 Vll,
1255 4114 1286 4164 79

141 4178 276 4229 uidebitur
297 4195 311 4230 a
332 4178 445 4232 Varrone
463 4180 585 4247 scriptum
603 4185 643 4234 esi
660 4197 718 4233 cum
731 4181 814 4235 Plauti
832 4181 919 4244 libris,
945 4176 1118 4243 alter0V1,7,
1136 4177 1179 4228 ubi
1198 4177 1217 4228 ΙΙ
1236 4192 1287 4231 non

142 4251 222 4308 extat,
241 4247 395 4300 uidebimus.
837 4313 840 4319 p
1140 4245 1218 4312 ASp.]

221 4329 354 4380 Spengel,
365 4332 432 4374 Virro
445 4332 472 4375 de
486 4332 563 4384 lingna
575 4332 653 4376 latine.
1074 4329 1087 4384 f
