3038 5048
241 303 301 363 198
591 301 706 358 LIBER
723 299 853 359 NONUS.
890 302 1034 370 eto-14.

238 474 324 542 ditur
347 475 422 558 quin
443 474 489 540 ita
511 473 649 559 dicatur,
684 481 718 541 ut
739 473 780 541 sit
801 472 948 541 similiter
968 492 1039 539 cnm
1067 470 1102 539 id
1127 471 1255 539 faciant
1280 492 1340 555 ac,
1359 472 1405 540 ,εἰ

240 578 311 660 quis
333 597 505 662 puerorum
526 595 584 663 per
605 576 738 644 delicias
760 575 861 660 pedes
882 575 967 642 mule
994 594 1115 659 ponere
1142 579 1246 659 atque
1278 573 1405 641 imitari

239 679 345 745 vatias
374 678 530 763 coeperit,
564 678 623 745 hos
645 677 761 763 corrigi
782 683 929 763 oportere
951 676 979 742 si
1001 673 1193 758 concedant,
1228 680 1353 744 contm
1376 676 1404 745 si

241 780 312 861 quis
333 779 367 847 in
389 778 617 847 consuetudine
638 778 825 847 ambulandi
846 779 910 845 iam
932 777 1035 845 fuctus
1063 777 1217 844 situatis
1239 784 1304 845 ant
1326 798 1403 846 con·

137 883 157 962 5
182 886 216 948 11
242 880 367 967 pernis,
389 881 418 948 si
440 900 512 947 eum
535 881 650 964 corrigi
670 901 735 948 non
757 880 941 948 concedant.
986 900 1049 946 non
1071 878 1216 961 sequitur
1237 886 1279 945 ut
1302 880 1406 948 stulte
1424 894 1438 944 s

240 979 359 1047 faciant
382 980 436 1062 qui
458 983 566 1067 pneris
588 983 620 1050 in
642 982 797 1067 geniculis
819 981 953 1065 alligent
978 985 1192 1067 serperastra,
1214 984 1251 1046 nt
1285 1000 1405 1049 eorum

240 1080 418 1167 depravata
440 1084 602 1166 corrigant
623 1085 735 1151 crura?
771 1084 850 1151 (lum
872 1082 1101 1169 vituperandus
1129 1102 1193 1149 non
1223 1081 1270 1149 sit
1295 1083 1403 1151 medi·

241 1204 296 1251 cus
319 1185 374 1266 qui
396 1205 415 1251 e
436 1186 610 1270 longinqua
632 1187 719 1254 mala
741 1184 969 1253 consuetudine
997 1203 1130 1268 aegrum
1158 1183 1192 1249 in
1221 1183 1404 1255 meliorem

86 1302 230 1357 incuso-¹)
240 1284 390 1369 traducit,
421 1306 520 1369 quare
540 1287 821 1372 reprehendendus
849 1288 891 1354 sit
922 1286 978 1371 qui
1006 1286 1182 1352 orationem
1204 1284 1318 1355 minus
1342 1308 1403 1355 va·

238 1387 357 1454 lentem
379 1395 510 1473 propter
531 1390 649 1455 malem
672 1388 932 1456 consuetudinem
954 1387 1100 1455 traducat
1120 1387 1153 1452 in
1175 1387 1379 1456 meliorem?
1426 1399 1453 1453 it

133 1495 153 1575 ξ
180 1496 217 1557 12
326 1493 354 1556 6.
391 1490 534 1558 Pictones
556 1492 688 1576 Apelles
711 1493 923 1575 Protogenes,
945 1490 991 1557 sic
1014 1490 1070 1556 alii
1093 1485 1242 1555 artufices
1265 1491 1402 1575 egregii

238 1610 302 1658 non
331 1590 603 1678 reprehendendi,
646 1591 731 1678 quod
767 1591 1028 1660 consuetudinem
1064 1590 1221 1672 Miconos,
1260 1592 1401 1677 Diores,

238 1693 409 1776 Arimmae,
433 1692 529 1760 etiam
544 1694 741 1780 superiorum
758 1715 823 1762 non
845 1701 918 1761 sunt
939 1693 1049 1776 secuti,
1071 1691 1310 1776 Aristophanes
1335 1693 1401 1763 im·

237 1793 421 1878 probandus
451 1794 506 1876 qui
533 1797 639 1879 potius
667 1797 699 1862 in
732 1795 923 1878 quibusdam
946 1795 1114 1862 veritatem
1131 1786 1232 1876 ⁴quum
1255 1813 1399 1864 consue·

238 1894 380 1963 tudinem
401 1897 553 1962 secutus?
1424 1908 1454 1962 it

132 1999 215 2080 §13
325 2002 352 2063 7.
391 1996 533 2076 Quodsi
556 1998 616 2066 viri
639 1999 866 2084 sapientissimi
888 1998 974 2064 etin
996 1997 1182 2065 remilitari
1204 2001 1236 2062 et
1258 1996 1293 2062 in
1318 1999 1398 2067 aliis

238 2099 332 2166 rebus
360 2099 460 2165 multa
489 2104 599 2168 contra
625 2106 768 2167 veterem
801 2099 1059 2167 consuetudinem
1092 2118 1164 2166 cnm
1196 2104 1308 2165 essent
1343 2101 1398 2168 usi

236 2200 374 2284 laudati,
409 2200 606 2288 despiciendi
633 2208 706 2269 sunt
735 2201 790 2286 qui
816 2202 972 2287 potiorem
1002 2200 1112 2268 dicunt
1140 2205 1285 2286 oportere
1318 2220 1396 2270 esse

237 2301 496 2371 consuetudinem
518 2306 649 2372 ratione.

131 2406 151 2485 ἓ
175 2409 213 2470 14
323 2409 351 2472 8.
388 2406 438 2472 An
461 2427 533 2473 eum
556 2407 627 2487 quis
648 2425 817 2492 perperam
839 2403 998 2472 consuerit
1020 2404 1098 2486 quid
1119 2402 1225 2469 facere
1251 2401 1284 2467 in
1308 2403 1391 2470 civi·
1418 2420 1448 2471 n]

86 2487 319 2590 ‘⁹·⁴⁶⁶⁸⁹¹·‘tatc,
345 2528 409 2574 nun
431 2508 526 2575 modo
548 2509 722 2593 patiemur,
752 2505 809 2574 sed
832 2506 928 2573 etiam
950 2525 1056 2591 poena
1077 2504 1268 2586 afficiemus,
1299 2503 1392 2571 idem

236 2727 309 2796 quod
327 2727 408 2781 sitin
427 2726 625 2782 consuetudine
644 2727 694 2781 dcl.
713 2719 789 2780 suot‘
807 2726 880 2796 LSp.
904 2755 938 2765 —
960 2725 1115 2780 concedunt
1132 2721 1226 2779 cna.
1254 2751 1287 2764 -
1318 2729 1331 2779 1
1353 2725 1391 2782 sit

236 2811 369 2876 similiter]
388 2812 411 2867 si
430 2811 553 2867 similiter
564 2811 597 2880 F,
615 2811 638 2867 si
651 2827 702 2866 om.
716 2811 785 2879 cM,
803 2811 839 2866 sit
857 2809 943 2865 simile
955 2810 1093 2864 Lectus.
1113 2838 1146 2848 -
1164 2807 1201 2873 id]
1219 2808 1293 2863 idem
1309 2808 1388 2864 Ste-

236 2897 388 2965 phanus,
412 2896 609 2966 Scioppius.
628 2927 661 2936 -
679 2896 703 2950 si
720 2895 961 2965 qui..coeperint
978 2893 1176 2964 Scioppius.
1195 2922 1228 2932 -
1246 2895 1261 2946 3
1281 2895 1390 2961 ceperit

236 2979 267 3032 F.
286 3007 321 3017 -
339 2980 473 3035 concedat
488 2980 521 3047 F,
540 2996 609 3035 corr.
628 2980 746 3034 Aldus.
764 2979 807 3034 vel
825 2978 999 3034 concedatur.
1018 3009 1052 3018 -
1069 2983 1086 3031 4
1103 2977 1140 3033 sit
1157 2993 1229 3032 corr.
1249 2993 1288 3032 cx
1305 2977 1346 3034 cit
1365 2979 1388 3033 F

236 3062 325 3129 (Keil),
343 3077 414 3116 corr.
434 3064 570 3119 excutit
588 3063 611 3117 F
629 3063 746 3130 (Groth).
768 3093 803 3104 -
826 3062 970 3133 eonpcrnis
988 3063 1028 3117 stc
1045 3060 1077 3115 F.
1105 3092 1139 3102 -
1166 3066 1180 3115 5
1199 3062 1335 3117 concedat
1354 3062 1388 3132 F,

235 3163 308 3203 corr.
320 3146 406 3214 vulg.
419 3151 546 3217 oportere
561 3164 617 3203 non
630 3149 782 3204 concedant
794 3147 986 3217 Scioppius.
1004 3176 1039 3186 -
1057 3150 1189 3216 sequatur
1205 3145 1267 3216 LSp
1286 3147 1327 3202 sic
1345 3149 1388 3202 iu-

236 3240 403 3306 terpunqcns
415 3233 576 3300 concedant,
593 3249 649 3288 non
662 3236 792 3301 sequatur
809 3236 848 3287 ut.
867 3248 918 3302 epo
935 3231 1161 3302 interrogationis
1177 3231 1285 3301 siquam
1299 3233 1390 3301 posui

230 3323 300 3391 post
318 3332 406 3372 crura.
425 3348 459 3356 —
478 3317 714 3388 tuiinperandus]
730 3316 795 3384 (ill,
814 3315 1004 3383 Victorius,
1021 3315 1227 3385 detuperandus
1239 3315 1386 3386 FVMap,

236 3403 423 3473 deculpandns
449 3402 587 3470 Laetus,
620 3401 772 3472 culpandus
793 3401 880 3470 vulg.
907 3431 940 3440 —
971 3404 1002 3454 10
1026 3399 1148 3455 traducit
1171 3401 1215 3469 M,
1241 3401 1386 3472 Laetus,

234 3490 364 3544 traducta
381 3488 443 3557 Vp.
468 3518 501 3527 -
528 3493 558 3541 11
579 3486 602 3542 si
618 3488 738 3557 pictores
758 3485 876 3553 Bergk.
896 3516 928 3524 —
945 3485 1067 3555 appelles
1085 3485 1117 3539 F.
1136 3515 1170 3525 —
1187 3485 1327 3551 artuficcs]
1344 3490 1387 3543 sie

236 3573 376 3628 FGMV.
403 3603 437 3612 -
465 3577 495 3628 12
512 3588 640 3642 myconus
658 3571 691 3625 F.
717 3602 752 3612 -
780 3571 872 3626 diores
895 3572 970 3626 arim.
994 3587 1037 3625 ms
1058 3571 1091 3638 F,
1118 3570 1260 3640 dyorossri
1282 3588 1325 3628 me
1347 3574 1385 3643 H,

236 3658 327 3713 diores
346 3657 415 3712 arim
432 3674 474 3712 me
493 3657 619 3726 GMap,
647 3656 783 3710 diorosam
800 3672 843 3710 mc
860 3655 907 3725 Ψ,
932 3655 1025 3711 Dionis
1042 3656 1172 3711 Arimnas
1189 3656 1276 3726 vulg.
1295 3675 1334 3714 ex
1351 3661 1386 3728 B,

235 3742 369 3813 Dionysii,
386 3742 535 3797 Animnesti
552 3742 723 3811 superiorum
740 3740 858 3809 Berglr
875 3739 972 3795 Philul.
991 3740 1077 3809 XXX,
1096 3744 1154 3796 682.
1180 3771 1213 3781 -
1242 3744 1272 3796 13
1291 3743 1385 3810 etiam]

234 3832 263 3882 et
279 3829 395 3884 aliorum
412 3827 495 3895 vulg.
514 3843 552 3882 cx
570 3827 601 3880 B.
620 3827 696 3897 conf.
715 3825 793 3880 Keil
811 3824 922 3881 Observ.
943 3824 1003 3880 crit.
1022 3825 1053 3881 in
1071 3825 1130 3882 Cat
1149 3830 1179 3881 et
1195 3825 1275 3882 Varr.
1294 3842 1321 3896 p.
1341 3831 1384 3896 29,

234 3912 355 3968 Reiter
371 3929 399 3982 p.
418 3918 433 3968 9
453 3928 492 3981 sq.
518 3941 552 3951 —
581 3915 612 3966 14
629 3909 802 3966 celeritatem
819 3910 851 3978 F,
870 3926 940 3965 corr.
960 3927 987 3980 p,
1012 3911 1148 3966 Laetus.
1176 3940 1211 3952 -·
1238 3918 1269 3969 11
1287 3915 1383 3982 multa]

234 3997 325 4052 multis
351 3998 492 4053 Veneta.
518 3992 595 4067 ‘fort
623 3996 709 4051 multa
730 3995 881 4052 mutatione
905 3996 948 4052 oct
969 3997 1099 4063 novitate,
1127 3995 1166 4064 cf.
1194 3993 1279 4064 §20‘
1309 3999 1382 4071 LSp.

233 4111 267 4123 -
286 4084 317 4136 18
336 4086 468 4138 euntem.
487 4083 520 4150 B,
547 4082 682 4137 Laetus.
709 4077 788 4148 ‘fort
811 4081 917 4137 laudati
941 4085 1017 4150 sunt,
1045 4078 1213 4150 despiciendi
1230 4081 1290 4151 qui'
1309 4084 1381 4156 LSp.

235 4196 268 4204 -
295 4167 327 4218 20
346 4167 520 4223 consueuerit
543 4166 575 4234 V,
602 4166 738 4222 Laetus.
765 4196 800 4205 -
826 4170 856 4222 21
874 4167 965 4230 modo]
993 4165 1072 4220 modo
1095 4178 1151 4218 non
1174 4165 1263 4233 vulg.
1287 4183 1326 4223 cx
1350 4171 1381 4225 B.

233 4245 310 4320 ‘fort
329 4244 389 4304 dct'
406 4252 477 4321 LSp.
495 4281 530 4294 -
547 4268 645 4322 penam
662 4251 694 4320 F,
716 4267 788 4307 corr.
808 4251 866 4320 (ia,
885 4252 1022 4308 Laetus.
