3038 5048
172 313 232 376 roo
539 311 653 369 uene
670 311 799 370 uouus.
835 311 946 381 te-r.

171 486 303 556 maioris
324 485 434 572 pertis.
464 485 592 553 tertium
615 484 656 551 de
678 484 801 570 copulis
822 501 1039 570 personarum,
1063 481 1120 566 qui
1147 484 1200 552 eis
1216 483 1340 554 debent

87 588 228 674 giuti,
251 608 334 672 quoe
355 593 429 656 sunt
451 588 567 674 plnres.
626 586 700 654 Alio
727 584 811 652 enirn
838 585 949 673 populi
975 583 1135 668 universi,
1175 586 1249 654 alia
1275 587 1338 655 siu-

172 691 335 777 gulorum,
378 688 479 758 etde
511 688 572 758 ieie
600 709 663 757 uon
692 688 806 756 eedem
839 687 974 756 oratoris
1002 693 1035 755 et
1062 691 1205 774 poetae,
1249 688 1338 775 quod

173 811 281 860 corum
310 811 374 859 uon
405 791 489 859 idem
526 791 585 859 ius.
636 791 746 876 itaque
781 790 918 876 populus
954 789 1120 856 universus
1163 789 1273 860 debet
1306 791 1338 861 in

172 893 320 961 omuibus
343 893 451 960 verbis
478 892 524 960 uti
554 891 706 977 analogia
727 898 773 976 et,
807 892 835 960 si
865 910 1033 979 perperam
1062 897 1113 958 est
1143 899 1368 980 consuetus,e

173 995 330 1080 corrigere
352 995 532 1081 seipsum,
565 1015 636 1063 curu
666 1002 775 1062 orator
801 1016 865 1062 non
892 992 1011 1062 debeat
1039 992 1073 1058 in
1095 992 1256 1062 omnibus
1281 995 1338 1083 uti,

174 1096 259 1179 quod
283 1096 352 1163 sine
375 1096 551 1164 offensione
572 1117 636 1164 non
658 1102 765 1183 potest
786 1097 908 1179 lacere,
943 1114 1014 1162 curn
1043 1100 1141 1181 poeto
1164 1097 1340 1166 transilire

87 1202 108 1280 ἦ
130 1203 150 1265 6
171 1197 274 1265 lineas
296 1198 425 1284 impune
446 1197 557 1284 possit.
608 1199 749 1283 Populus
771 1197 855 1263 enim
877 1198 911 1264 in
932 1216 991 1265 suo
1011 1199 1186 1283 potestate,
1211 1199 1340 1285 singuli

20 1298 206 1370 ‹ncosotin
227 1299 329 1386 illius,
352 1300 461 1384 itaque
482 1306 517 1366 ut
538 1320 630 1366 suern
653 1302 789 1385 quisque
811 1298 1081 1383 cousuetudinem,
1103 1299 1132 1366 si
1155 1300 1252 1367 mela
1276 1307 1338 1386 est,

174 1401 330 1484 corrigere
353 1402 466 1487 debet,
493 1400 540 1468 sic
562 1402 699 1487 populus
722 1420 822 1467 suern.
867 1420 927 1485 ego
949 1399 1061 1486 populi
1082 1401 1338 1473 consuetudinis
1359 1413 1383 1467 lo

173 1525 237 1572 uon
259 1525 329 1571 som
351 1509 386 1570 ut
408 1502 572 1586 dominus,
605 1507 640 1568 at
660 1502 717 1568 ille
739 1522 831 1570 meae
854 1510 912 1570 est.
955 1510 991 1569 ut
1011 1501 1128 1569 rationi
1158 1509 1338 1591 optempe-

175 1626 247 1672 rare
269 1604 367 1671 dcbet
387 1606 595 1688 gubernator,
625 1604 830 1689 gubernatori
851 1605 1070 1689 unusquisque
1094 1602 1128 1670 iu
1150 1605 1254 1690 nevi,
1289 1606 1340 1676 sio

173 1706 312 1792 popolus
335 1706 465 1791 rationi,
499 1726 558 1773 nos
579 1705 697 1788 singuli
717 1707 846 1792 populo.
891 1708 998 1787 Quare
1023 1706 1066 1773 ed
1087 1724 1339 1792 quamcumque

174 1825 330 1874 summam
367 1807 401 1873 iu
438 1807 574 1875 dicendo
606 1808 744 1875 referam
787 1807 815 1874 si
853 1808 1104 1892 animadvertes,
1142 1805 1337 1895 intelleges,
1411 1813 1415 1824 '

174 1913 278 1976 utrum
302 1907 426 1977 dicetur
447 1911 598 1993 analogio
620 1929 692 1977 esse
715 1930 756 1976 eu
780 1911 826 1977 uti
849 1916 1010 1996 oporteret
1030 1907 1234 1992 redigeretur
1265 1910 1336 1979 dici
1359 1922 1386 1976 lo

173 2009 208 2076 id
235 2010 267 2075 in
295 2011 448 2098 populum
477 2013 571 2080 aliter
598 2032 638 2081 ac
664 2012 740 2079 inde
769 2014 916 2081 omnibus
944 2011 1008 2079 dici
1035 2011 1067 2077 in
1095 2029 1168 2076 eum
1201 2011 1260 2095 qui
1291 2012 1337 2081 sit

172 2112 206 2179 in
227 2114 357 2199 populo.

91 2220 152 2298 §7
262 2219 291 2282 2.
328 2217 422 2284 Nunc
444 2215 508 2283 iam
529 2215 666 2301 primurn
689 2215 795 2284 dicem
816 2236 874 2302 pro
897 2215 1046 2283 universa
1068 2212 1236 2299 analogia,
1273 2236 1337 2308 cur

175 2337 239 2385 non
267 2316 362 2385 modo
392 2317 540 2386 videatur
569 2335 640 2384 esse
669 2317 946 2403 reprehendenda,
987 2316 1044 2384 sed
1076 2316 1173 2383 etiem
1204 2336 1264 2383 cur
1295 2318 1335 2386 in

22 2436 236 2492 <omentum
258 2418 494 2504 quodammodo
517 2420 697 2506 sequende3
730 2418 869 2488 secundo
899 2418 940 2487 de
967 2417 1100 2501 siugulis
1126 2415 1335 2506 criminibus,
1358 2433 1387 2484 ut

175 2522 291 2604 quibus
313 2522 409 2589 rebus
430 2520 553 2608 possint
575 2539 658 2604 quae
681 2521 766 2590 dicta
787 2527 862 2589 sunt
883 2527 992 2591 contra
1014 2518 1112 2603 solvi,
1148 2517 1260 2587 dicam
1281 2521 1334 2589 ite

259 2811 291 2865 F.
311 2811 357 2866 iol.
377 2811 436 2864 lib
454 2813 546 2864 utrum
563 2808 671 2863 dicetur

245 3084 257 3133 1
279 3078 326 3148 qui
344 3079 394 3148 eis]
411 3074 490 3150 ‘sort
509 3094 580 3148 queo
597 3071 661 3134 ieis’
679 3079 750 3151 LSp.
768 3109 803 3119 —
821 3083 836 3134 3
854 3077 914 3142 ieis]
931 3077 981 3132 leis
1000 3077 1153 3146 GMVsp,
1170 3076 1206 3132 lis
1223 3077 1266 3148 H,
1285 3081 1332 3136 his

175 3165 313 3221 Lectus.
331 3192 366 3204 -
390 3166 453 3219 lise
470 3163 531 3234 ipse
547 3163 635 3233 vulg.
655 3194 688 3203 -
706 3164 787 3220 debet
804 3163 839 3218 H.
857 3194 892 3203 -
909 3167 924 3217 'l
944 3178 1005 3217 curu
1022 3161 1075 3218 del.
1093 3162 1162 3231 LSp.
1183 3193 1215 3203 —
1232 3168 1331 3231 poete]

175 3251 247 3319 LSp,
264 3250 363 3319 poetae
380 3247 414 3303 F.
431 3277 465 3290 -
484 3248 619 3318 spossint
637 3248 755 3303 GHMo
772 3247 908 3303 Laetus.
926 3277 960 3286 —
980 3250 1009 3301 11
1023 3245 1119 3302 uldel.
1132 3245 1331 3319 Victorius,

175 3335 210 3390 H.
231 3333 435 3404 Stephanus.
461 3361 497 3372 -
525 3336 555 3388 13
573 3337 632 3396 nos]
657 3347 713 3387 non
730 3331 763 3401 F,
790 3348 861 3386 corr.
880 3332 1009 3387 Laetus
1031 3347 1092 3386 cum
1109 3332 1142 3386 Β.
1165 3324 1247 3401 ‘fort
1275 3332 1333 3389 dcl,

176 3420 231 3474 nisi
248 3418 386 3476 intercidit
402 3416 511 3488 aliquid
527 3423 559 3471 ut
575 3432 631 3472 non
649 3416 772 3487 singulis,
790 3409 904 3486 singuli'
916 3417 987 3487 LSp.
1007 3447 1041 3457 -
1060 3410 1191 3472 tl‘scrid.
1205 3415 1330 3474 animuin

176 3500 315 3563 advertes’
335 3503 407 3572 LSp.
425 3532 460 3542 —
480 3507 511 3558 15
529 3501 571 3557 uli
589 3505 736 3571 oporteret]
756 3502 798 3558 uti
815 3505 941 3572 oportere
958 3516 992 3556 en
1009 3505 1037 3557 et
1054 3517 1136 3571 quoru
1152 3501 1281 3571 poscitur
1298 3506 1331 3559 ut

176 3607 243 3646 usus
261 3590 297 3646 ed
314 3589 343 3643 id
361 3589 434 3659 quod
452 3589 591 3656 oporteret
607 3586 746 3655 Muller,
767 3587 809 3643 uti
827 3590 974 3658 oporteret,
991 3587 1115 3656 redigere
1132 3587 1219 3656 vulg.
1239 3604 1278 3642 ex
1296 3589 1329 3645 Β.

171 3669 252 3746 ‘fort
270 3673 312 3731 uti
330 3675 457 3744 oportere
474 3675 503 3728 et
518 3667 652 3742 redigere'
673 3670 745 3742 usp.
763 3672 834 3726 idem
852 3672 973 3728 liciter
990 3673 1040 3743 qui
1055 3690 1082 3743 p,
1100 3675 1201 3726 41-43
1219 3671 1331 3743 reliqua

176 3761 216 3815 sie
233 3760 407 3831 conformat:
425 3761 552 3829 oportere
569 3759 598 3813 et
614 3757 739 3825 redigere
756 3757 792 3812 ed
810 3772 870 3811 eum
886 3757 979 3827 verbe,
996 3761 1055 3815 tum
1072 3756 1129 3812 dici
1144 3757 1174 3812 id
1191 3757 1221 3811 iu
1237 3772 1330 3828 popu·

176 3845 232 3900 lum
254 3845 335 3901 aliter
359 3859 393 3899 ec
409 3843 439 3897 in
456 3859 518 3898 eum
535 3843 582 3913 qui
600 3842 638 3898 sit
653 3841 683 3896 in
698 3842 809 3910 populo.
834 3841 938 3898 intacta
959 3843 1062 3914 reliqui
1081 3842 1164 3898 eaba
1185 3846 1329 3913 corrupta.

176 3959 210 3970 -
230 3935 260 3986 16
279 3933 321 3997 ec]
340 3933 422 3999 etque
439 3926 519 3983 homo
538 3927 636 3982 doctus
653 3926 851 3994 (Faernuslt
874 3927 952 3999 apud
967 3929 1157 3999 Augustinum.
1180 3923 1245 3980 inde
1268 3939 1329 3981 cm-

176 4013 258 4069 uibus
275 4015 331 4070 dici
355 4030 407 4070 om.
429 4013 566 4068 Muller.
596 4006 678 4083 ‘sort
702 4011 781 4067 diter
805 4012 870 4068 inde
886 4013 916 4068 in
934 4005 1071 4068 omnibus'
1088 4010 1159 4079 LSp.
1186 4041 1221 4050 -
1243 4001 1328 4079 ‘fort

176 4097 223 4166 qul
241 4091 295 4153 est’
313 4098 384 4169 LSp.
411 4130 445 4138 -
473 4103 503 4155 19
522 4113 578 4154 nou
595 4098 675 4153 modo
693 4112 750 4152 uon
774 4097 985 4169 Stephanus,
1011 4093 1231 4162 Perizonius,
1256 4094 1328 4150 Ro-

175 4181 322 4323 sv'enhein
350 4183 482 4250 (Seebode
506 4199 590 4239 neues
612 4181 716 4239 Archiv
738 4183 777 4253 H,
797 4187 812 4236 2
835 4201 862 4254 p.
882 4186 935 4250 94).
961 4210 994 4222 -
1019 4193 1075 4234 non
1097 4177 1329 4248 reprehendenda

205 4265 397 4323 ertrenius.
