3038 5048
229 313 267 374 12
531 314 646 370 LIBER
663 314 831 384 QUINTUS.
866 317 1010 382 §as-29.

75 505 106 554 o-
122 503 146 544 ⁴³
159 500 216 554 sir-¹)
231 505 286 554 cus
308 487 423 553 lacuna
444 505 569 570 magna,
592 485 648 553 ubi
668 505 755 570 aqua
769 485 924 553 contineri
945 493 1058 571 potest.
1095 488 1192 552 Palus
1206 485 1374 569 paululum

229 607 332 670 aquae
361 587 395 654 in
424 587 624 655 altitudinem
651 594 683 654 et
710 588 818 674 palam
849 587 944 654 latius
975 587 1121 654 diffusae.
1175 586 1376 672 Stagnuma

229 709 354 774 graeco,
370 688 456 772 quod
478 689 502 756 ii
519 687 651 774 oeoyvo'r
673 690 758 772 quod
772 709 835 754 non
850 688 947 755 habet
961 691 1084 756 rimam.
1122 688 1198 756 hinc
1219 688 1262 754 ad
1277 690 1375 756 villas

229 791 366 858 rutunda
385 797 508 875 stagna,
535 791 621 874 quod
641 790 812 857 rutundum
832 790 984 858 facillime
1005 791 1154 874 continet,
1181 791 1290 876 anguli
1305 812 1375 857 ma-

123 899 206 978 §27
229 892 315 960 xime
337 894 493 959 laborant.
529 893 663 960 Fluvius
685 889 771 974 quod
791 891 870 976 fluit,
894 893 971 958 item
986 892 1131 959 Flumen.
1171 912 1275 975 aquo
1302 894 1414 977 leges

229 993 430 1079 praediorum
454 994 644 1061 urbanorubn
666 994 825 1060 scribitur:

382 1093 602 1149 STILLIOIDIA
638 1092 883 1162 FLUMINAQUE
918 1093 967 1149 UT
1001 1092 1066 1147 ITA
1102 1092 1251 1148 OADANT
1285 1090 1375 1146 FLU-

431 1179 591 1247 nuruum.

76 1267 416 1338 o.csr·¹llnte1·haac
440 1266 502 1332 hoc
523 1266 670 1348 interest,
699 1265 784 1345 quod
812 1263 1008 1331 stillicidium
1036 1287 1074 1332 eo
1103 1265 1189 1347 quod
1216 1264 1362 1331 stillatim

124 1375 144 1454 ξ
167 1376 207 1438 28
230 1367 325 1450 cadit,
341 1367 459 1436 flumen
474 1367 558 1450 quod
573 1366 642 1432 fluit
658 1368 813 1432 continue.
857 1366 970 1432 Amnis
983 1367 1018 1432 id
1027 1365 1145 1434 fiumen
1160 1367 1247 1449 quod
1261 1366 1373 1434 circuit
1395 1379 1428 1430 ro

229 1467 376 1554 aliquod,
400 1490 474 1535 nam
497 1470 539 1535 ab
562 1468 682 1534 ambitu
705 1469 817 1534 amnis.
860 1469 902 1533 ab
925 1468 986 1534 hoc
1009 1469 1064 1550 qui
1084 1469 1201 1535 circum
1220 1468 1375 1533 Aternum

230 1570 386 1652 habitant,
409 1570 599 1637 Amiternini
613 1570 776 1654 appellati.
821 1570 871 1636 Ab
889 1590 927 1636 eo
943 1569 996 1653 qui
1018 1571 1170 1654 populum
1186 1568 1375 1637 candidatus

232 1672 350 1740 circum
372 1671 406 1756 it,
430 1672 540 1755 ambit,
563 1678 594 1737 et
610 1672 664 1756 qui
679 1672 772 1738 aliter
787 1673 872 1753 tacit,
894 1672 1072 1754 indagabili
1094 1692 1135 1738 ex
1157 1671 1278 1737 ambitu
1301 1690 1376 1736 cau·

230 1794 299 1841 sam
322 1774 408 1840 dicit.
452 1776 559 1856 itaque
574 1773 700 1839 Tiberis
723 1772 825 1839 amnis
848 1773 934 1855 quod
948 1774 1049 1839 ambit
1064 1773 1212 1840 Martium
1228 1792 1374 1856 campum

231 1882 263 1943 et
283 1876 405 1942 urbem.
449 1874 611 1959 Oppidum
634 1875 814 1939 Interamna
835 1875 964 1958 dictum,
987 1875 1073 1956 quod
1093 1875 1175 1940 inter
1197 1873 1301 1939 amnis
1323 1881 1374 1940 est
1398 1888 1430 1938 ts

89 1997 219 2052 masur)
231 1977 450 2061 constitutum,
475 1978 551 2044 item
567 1977 754 2060 Antemnae,
777 1975 862 2058 quod
878 1982 952 2042 ante
966 1976 1078 2059 amnis,
1095 1975 1149 2058 qui
1163 1975 1257 2059 Anio,
1272 1973 1375 2041 influit

127 2089 147 2166 ξ
169 2089 210 2150 29
233 2078 266 2143 in
281 2078 432 2161 Tiberim,
454 2077 540 2164 quod
555 2078 641 2144 bello
653 2074 741 2144 'male
756 2084 923 2164 acceptum
938 2077 1111 2144 consenuit.
1147 2077 1274 2144 Tiberis
1290 2075 1377 2158 quod

233 2185 329 2266 caput
351 2188 441 2248 extra
463 2180 599 2264 Latium,
621 2181 649 2245 si
670 2179 746 2246 inde
768 2201 883 2247 nomen
905 2199 1031 2262 quoque
1054 2179 1164 2272 exiluit
1185 2178 1219 2245 in
1235 2178 1377 2262 linguam

230 2289 385 2367 nostram,
407 2282 487 2348 nihil
510 2278 708 2365 irvpoldyor
731 2282 875 2365 latinum,
896 2288 932 2347 ut
953 2280 1039 2363 quod
1054 2284 1153 2348 oritur
1174 2301 1215 2346 cx
1236 2278 1376 2360 Samnio,

319 2569 463 2637 lpaulum
487 2569 519 2622 G.
544 2598 577 2607 —
601 2573 616 2621 2
635 2569 807 2624 latitudinem
829 2568 862 2624 (i.
890 2598 923 2606 —
948 2571 962 2619 3
987 2582 1068 2635 greco
1085 2565 1118 2619 F.
1143 2565 1219 2618 -ii
1243 2559 1379 2636 στεγνόν]

230 2652 279 2705 ·ll·
301 2651 468 2707 STEFNON
480 2653 503 2705 F
516 2658 551 2717 ct,
568 2654 616 2723 qai
627 2671 642 2706 c
655 2655 751 2708 ceteris
768 2653 844 2707 solus
856 2651 924 2707 haec
935 2651 1017 2707 amba
1028 2652 1153 2714 cavavit,
1171 2650 1210 2703 M.
1231 2649 1253 2702 ii
1270 2649 1377 2704 videtur

228 2751 286 2791 esse
303 2737 330 2789 in
341 2737 373 2804 F,
389 2738 517 2806 peroratam
534 2738 615 2792 talisi
625 2738 732 2793 litterae
744 2740 840 2806 forma
854 2753 936 2809 saepe
949 2738 1052 2808 scripta
1064 2737 1142 2790 estin
1154 2736 1187 2789 F.
1215 2734 1236 2787 ii
1254 2729 1379 2805 στεγνόν

228 2821 309 2875 etiam
326 2820 527 2877 Lachmann
545 2823 581 2876 ad
590 2822 672 2877 Lucr.
683 2824 719 2889 11,
729 2827 788 2876 402.
803 2817 885 2892 ‘fort
893 2823 933 2876 ibi
946 2814 1081 2892 oreyvdv'
1092 2821 1163 2891 LSp.
1174 2850 1208 2859 -
1225 2833 1281 2873 non
1292 2819 1377 2872 habet

227 2904 335 2972 rimam]
349 2905 522 2974 Scaliger,
539 2921 637 2960 nomeu
648 2909 733 2963 babet
743 2907 857 2976 primam
871 2906 964 2961 libri.
976 2936 1010 2946 -
1022 2910 1039 2959 4
1051 2905 1179 2968 rutunda]
1191 2904 1223 2971 B,
1240 2904 1378 2957 rutundas

228 2989 252 3044 F
270 3006 330 3045 cam
348 2990 453 3044 caterio.
482 2990 521 3059 cf.
534 2990 744 3047 Lachmann.
768 2993 801 3047 L.
816 2990 964 3047 Sttinlrel
981 3008 1009 3060 p.
1027 2995 1051 3042 7.
1068 3018 1103 3029 -
1120 2992 1135 3040 5
1152 2989 1220 3056 lage]
1238 2988 1325 3056 legem
1341 2988 1375 3043 V.

227 3069 304 3144 ‘fort
322 3074 352 3127 in
368 3068 440 3141 lege'
460 3074 532 3143 LSp.
551 3106 585 3114 —
603 3079 618 3127 6
637 3077 766 3131 scribitur
778 3077 819 3131 bis
830 3076 859 3128 in
872 3075 904 3128 F.
923 3104 957 3113 -
975 3080 989 3126 ἵ
1008 3073 1120 3128 flumina
1131 3089 1201 3142 quae
1212 3071 1245 3141 F,
1263 3071 1378 3127 flumina

230 3174 314 3229 qqua
331 3174 384 3227 que
401 3174 428 3227 p.
442 3189 474 3197 —
493 3160 533 3214 ita
551 3160 651 3215 cadant
667 3160 817 3230 fluantque]
835 3159 898 3227 LSp
916 3176 975 3213 cum
993 3159 1028 3212 bc
1045 3174 1083 3213 cx
1091 3158 1123 3225 F,
1141 3157 1170 3210 in
1188 3173 1243 3227 quo
1260 3163 1314 3210 cst:
1336 3158 1378 3213 ita

229 3238 478 3312 'fluant''cadantq3
501 3244 574 3298 trade
596 3245 685 3300 fluant
701 3244 741 3300 ita
759 3245 912 3312 cadantque
930 3243 987 3298 GH
998 3260 1029 3311 a,
1054 3243 1095 3297 ita
1112 3241 1200 3296 fluant
1220 3243 1376 3310 cadantque

229 3328 351 3384 ceteri.
380 3328 455 3397 coris.
480 3329 594 3398 Bergk
610 3330 734 3385 Prooem.
759 3333 826 3384 aest.
849 3328 911 3382 Hal.
932 3330 997 3382 1863
1015 3345 1043 3397 p.
1062 3333 1077 3380 5
1094 3343 1132 3395 sq.
1155 3356 1189 3365 -
1211 3330 1227 3380 9
1251 3327 1375 3392 interest]

226 3408 277 3470 mc·
299 3413 333 3481 F,
351 3411 426 3483 qaod
442 3412 549 3468 videtur
566 3416 725 3485 siqrrr‘ficore
741 3415 864 3469 interest.
881 3441 916 3451 -
933 3411 1092 3467 stilicidium
1110 3412 1143 3477 G,
1161 3427 1244 3480 quom
1255 3413 1374 3482 scripta-

229 3516 290 3554 rom
316 3496 507 3570 rreqllpendam
533 3516 587 3553 non
614 3516 673 3554 esse
696 3505 788 3554 nrorrct
810 3497 958 3553 Stllnkal
979 3514 1007 3566 p.
1030 3500 1063 3551 59
1089 3495 1152 3551 coll.
1176 3495 1375 3550 Lachmann

231 3585 267 3640 ad
284 3584 368 3638 Lucr.
386 3599 414 3650 p.
433 3586 474 3650 33,
494 3582 702 3639 Studomund
721 3584 783 3639 Gaii
802 3598 895 3652 apogr.
908 3599 935 3651 p.
948 3585 1006 3636 323.
1024 3611 1058 3620 -
1079 3586 1108 3635 10
1127 3580 1210 3644 cadit]
1228 3595 1254 3646 a,
1271 3579 1376 3647 Papa,

231 3669 312 3725 cadet
328 3667 503 3737 FGHVhp‚
522 3669 604 3723 cadat
624 3670 742 3724 ceteri.
762 3700 794 3708 —
814 3673 844 3722 11
863 3668 996 3732 aternum]
1014 3667 1103 3734 vulg.
1121 3682 1159 3720 cx
1170 3666 1203 3730 B,
1221 3664 1375 3718 alter-unum

230 3754 324 3809 libri.
353 3753 455 3808 circum
467 3753 612 3807 terminum
623 3753 758 3821 habitant,
776 3751 929 3807 amtermini
946 3751 1078 3821 appellati
1090 3751 1199 3805 Groth
1211 3748 1283 3814 (coll.
1295 3747 1373 3802 Paul.

230 3854 265 3893 ax
281 3838 366 3893 Festo
383 3855 411 3908 p.
426 3841 507 3906 128:
525 3838 678 3892 amtermini
695 3839 742 3906 qui
765 3838 839 3891 circa
861 3837 992 3893 terminos
1014 3836 1172 3907 provinciae
1193 3836 1323 3896 manent).
1340 3861 1375 3871 ·-

232 3927 263 3979 13
281 3922 314 3986 it]
331 3922 361 3975 id
377 3921 410 3975 F.
429 3952 463 3961 -
480 3923 566 3977 ambit
586 3926 623 3986 et]
646 3927 675 3979 et
697 3924 726 3976 iu
743 3938 799 3976 ros.
818 3921 841 3975 F
860 3922 949 3990 (Keil),
967 3923 1081 3978 ambitet
1096 3937 1170 3976 corr.
1187 3935 1226 3974 ex
1243 3917 1376 3972 ambitant

230 4006 331 4061 ataid.
350 4004 373 4058 F
391 4006 507 4073 (Groth).
531 4039 564 4046 —
586 4008 664 4075 facit]
688 4007 715 4060 in
739 4023 796 4060 ras.
818 4006 863 4074 F¹,
886 4006 957 4061 faxit
979 4007 1140 4075 Scaliger.
1158 4033 1193 4042 -
1209 4001 1376 4072 indagabilia

230 4089 397 4159 Scaliger.
416 4121 450 4130 -
470 4097 501 4148 16
511 4093 558 4163 qui
574 4092 658 4156 Anio]
674 4091 756 4160 LSp.,
774 4096 877 4159 quanto
894 4092 988 4146 libri.
1015 4092 1063 4161 qni
1078 4090 1148 4161 fort.
1161 4087 1215 4144 del.
1232 4117 1268 4127 -
1287 4091 1374 4142 18ax·

229 4176 293 4233 fluit
313 4173 405 4243 ,intigit
421 4176 455 4244 F,
472 4177 561 4233 affluit
576 4176 668 4232 influit
684 4194 711 4246 p.
730 4206 763 4215 —
783 4181 814 4230 19
826 4177 904 4241 nihil]
916 4177 985 4231 nibil
996 4177 1032 4231 ad
1044 4175 1225 4230 Thiersch.
1244 4203 1278 4213 -
1296 4176 1375 4225 ΘΠ-

230 4265 401 4315 honoros
420 4263 454 4329 F,
471 4265 699 4318 ΘΤΙΝΟΛΟΤΟΝ
718 4261 757 4329 Μ,
775 4258 948 4318 ετινοδώτον
963 4262 997 4327 Β,
1014 4258 1159 4315 lacuscin
1176 4257 1279 4311 ceteris.
