<?xml version="1.0" encoding="UTF-8"?>
<!DOCTYPE html PUBLIC "-//W3C//DTD XHTML 1.0 Transitional//EN"
    "http://www.w3.org/TR/xhtml1/DTD/xhtml1-transitional.dtd">
<html xmlns="http://www.w3.org/1999/xhtml" xml:lang="en" lang="en">
 <head>
  <title>
</title>
<meta http-equiv="Content-Type" content="text/html;charset=utf-8" />
  <meta name='ocr-system' content='tesseract 3.04.00' />
  <meta name='ocr-capabilities' content='ocr_page ocr_carea ocr_par ocr_line ocrx_word'/>
</head>
<body>
  <div class='ocr_page' id='page_1' title='image "./mterentivarroni00varrgoog_0313.png"; bbox 0 0 3038 5048; ppageno 0'>
   <div class='ocr_carea' id='block_1_1' title="bbox 274 307 1067 377">
    <p class='ocr_par' dir='ltr' id='par_1_1' title="bbox 274 307 1067 377">
     <span class='ocr_line' id='line_1_1' title="bbox 274 307 1067 377; baseline -0.01 -7"><span class='ocrx_word' id='word_1_1' title='bbox 274 311 335 370; x_wconf 83' lang='lat'><strong>212</strong></span> <span class='ocrx_word' id='word_1_2' title='bbox 633 307 747 365; x_wconf 81' lang='lat' dir='ltr'><strong>nmen</strong></span> <span class='ocrx_word' id='word_1_3' title='bbox 763 307 894 365; x_wconf 79' lang='lat' dir='ltr'><strong>nonus.</strong></span> <span class='ocrx_word' id='word_1_4' title='bbox 931 309 947 377; x_wconf 76' lang='lat' dir='ltr'><strong>s</strong></span> <span class='ocrx_word' id='word_1_5' title='bbox 966 313 1007 363; x_wconf 75' lang='lat' dir='ltr'><strong>er.</strong></span> <span class='ocrx_word' id='word_1_6' title='bbox 1026 311 1067 364; x_wconf 79' lang='lat' dir='ltr'><strong>es.</strong></span> 
     </span>
    </p>
   </div>
   <div class='ocr_carea' id='block_1_2' title="bbox 121 478 1490 2606">
    <p class='ocr_par' dir='ltr' id='par_1_2' title="bbox 121 478 1489 1789">
     <span class='ocr_line' id='line_1_2' title="bbox 276 478 1445 567; baseline -0.001 -18"><span class='ocrx_word' id='word_1_7' title='bbox 276 481 363 567; x_wconf 91' lang='lat' dir='ltr'><strong>quod</strong></span> <span class='ocrx_word' id='word_1_8' title='bbox 385 483 472 549; x_wconf 87' lang='lat' dir='ltr'><strong>valet</strong></span> <span class='ocrx_word' id='word_1_9' title='bbox 493 501 553 549; x_wconf 90' lang='lat' dir='ltr'><strong>nec</strong></span> <span class='ocrx_word' id='word_1_10' title='bbox 575 478 736 566; x_wconf 87' lang='lat' dir='ltr'><strong>dispendii</strong></span> <span class='ocrx_word' id='word_1_11' title='bbox 766 482 843 548; x_wconf 89' lang='lat' dir='ltr'><strong>facit</strong></span> <span class='ocrx_word' id='word_1_12' title='bbox 871 481 1051 564; x_wconf 88' lang='lat' dir='ltr'><strong>quicquam.</strong></span> <span class='ocrx_word' id='word_1_13' title='bbox 1094 478 1186 546; x_wconf 85' lang='lat' dir='ltr'>Idem</span> <span class='ocrx_word' id='word_1_14' title='bbox 1215 479 1286 548; x_wconf 94' lang='lat' dir='ltr'><strong>hoc</strong></span> <span class='ocrx_word' id='word_1_15' title='bbox 1310 481 1445 564; x_wconf 85' lang='lat' dir='ltr'><strong>obliquo</strong></span> 
     </span>
     <span class='ocr_line' id='line_1_3' title="bbox 277 584 552 670; baseline -0.004 -20"><span class='ocrx_word' id='word_1_16' title='bbox 277 584 364 670; x_wconf 86' lang='lat' dir='ltr'><strong>apud</strong></span> <span class='ocrx_word' id='word_1_17' title='bbox 386 585 552 652; x_wconf 84' lang='lat' dir='ltr'><strong>Plautum:</strong></span> 
     </span>
     <span class='ocr_line' id='line_1_4' title="bbox 427 682 1445 769; baseline 0 -17"><span class='ocrx_word' id='word_1_18' title='bbox 427 684 552 754; x_wconf 92' lang='lat' dir='ltr'><strong>Video</strong></span> <span class='ocrx_word' id='word_1_19' title='bbox 581 684 684 752; x_wconf 90' lang='lat' dir='ltr'><strong>enim</strong></span> <span class='ocrx_word' id='word_1_20' title='bbox 718 692 757 753; x_wconf 91' lang='lat' dir='ltr'><strong>te</strong></span> <span class='ocrx_word' id='word_1_21' title='bbox 786 682 910 751; x_wconf 91' lang='lat' dir='ltr'><strong>nihili</strong></span> <span class='ocrx_word' id='word_1_22' title='bbox 944 682 1124 769; x_wconf 88' lang='lat' dir='ltr'><strong>pendere</strong></span> <span class='ocrx_word' id='word_1_23' title='bbox 1157 701 1261 767; x_wconf 88' lang='lat' dir='ltr'><strong>prae</strong></span> <span class='ocrx_word' id='word_1_24' title='bbox 1301 684 1445 753; x_wconf 93' lang='lat' dir='ltr'><strong>Philo·</strong></span> 
     </span>
     <span class='ocr_line' id='line_1_5' title="bbox 787 783 1281 869; baseline -0.002 -16"><span class='ocrx_word' id='word_1_25' title='bbox 787 786 906 854; x_wconf 84' lang='lat' dir='ltr'><strong>lacho</strong></span> <span class='ocrx_word' id='word_1_26' title='bbox 929 786 1057 855; x_wconf 90' lang='lat' dir='ltr'><strong>omnis</strong></span> <span class='ocrx_word' id='word_1_27' title='bbox 1081 783 1281 869; x_wconf 89' lang='lat' dir='ltr'><strong>homines,</strong></span> 
     </span>
     <span class='ocr_line' id='line_1_6' title="bbox 121 884 1474 976; baseline -0.001 -23"><span class='ocrx_word' id='word_1_28' title='bbox 121 889 367 976; x_wconf 61' lang='lat' dir='ltr'><strong>cessentquod</strong></span> <span class='ocrx_word' id='word_1_29' title='bbox 390 896 438 957; x_wconf 90' lang='lat' dir='ltr'><strong>est</strong></span> <span class='ocrx_word' id='word_1_30' title='bbox 460 910 500 957; x_wconf 82' lang='lat' dir='ltr'><strong>ex</strong></span> <span class='ocrx_word' id='word_1_31' title='bbox 522 890 573 957; x_wconf 91' lang='lat' dir='ltr'><strong>Ne</strong></span> <span class='ocrx_word' id='word_1_32' title='bbox 596 897 628 957; x_wconf 90' lang='lat' dir='ltr'><strong>et</strong></span> <span class='ocrx_word' id='word_1_33' title='bbox 649 887 732 973; x_wconf 90' lang='lat' dir='ltr'><strong>Hili;</strong></span> <span class='ocrx_word' id='word_1_34' title='bbox 762 907 861 971; x_wconf 87' lang='lat' dir='ltr'><strong>quare</strong></span> <span class='ocrx_word' id='word_1_35' title='bbox 883 887 986 956; x_wconf 88' lang='lat' dir='ltr'><strong>dictus</strong></span> <span class='ocrx_word' id='word_1_36' title='bbox 1010 893 1059 955; x_wconf 92' lang='lat' dir='ltr'><strong>est</strong></span> <span class='ocrx_word' id='word_1_37' title='bbox 1081 884 1184 952; x_wconf 88' lang='lat' dir='ltr'><strong>Nihili</strong></span> <span class='ocrx_word' id='word_1_38' title='bbox 1207 887 1268 971; x_wconf 89' lang='lat' dir='ltr'><strong>qui</strong></span> <span class='ocrx_word' id='word_1_39' title='bbox 1291 908 1364 957; x_wconf 91' lang='lat' dir='ltr'><strong>non</strong></span> <span class='ocrx_word' id='word_1_40' title='bbox 1389 889 1474 956; x_wconf 84' lang='lat' dir='ltr'><strong>hilis</strong></span> 
     </span>
     <span class='ocr_line' id='line_1_7' title="bbox 278 988 1444 1076; baseline -0.002 -15"><span class='ocrx_word' id='word_1_41' title='bbox 278 999 355 1061; x_wconf 88' lang='lat' dir='ltr'><strong>erat.</strong></span> <span class='ocrx_word' id='word_1_42' title='bbox 387 1010 481 1059; x_wconf 86' lang='lat' dir='ltr'><strong>casus</strong></span> <span class='ocrx_word' id='word_1_43' title='bbox 496 998 564 1059; x_wconf 90' lang='lat' dir='ltr'><strong>tum</strong></span> <span class='ocrx_word' id='word_1_44' title='bbox 579 1012 651 1059; x_wconf 89' lang='lat' dir='ltr'><strong>enm</strong></span> <span class='ocrx_word' id='word_1_45' title='bbox 668 996 911 1076; x_wconf 75' lang='lat' dir='ltr'><strong>commutantur,</strong></span> <span class='ocrx_word' id='word_1_46' title='bbox 935 989 1054 1071; x_wconf 89' lang='lat' dir='ltr'><strong>dequo</strong></span> <span class='ocrx_word' id='word_1_47' title='bbox 1070 988 1195 1072; x_wconf 90' lang='lat' dir='ltr'><strong>dicitnr,</strong></span> <span class='ocrx_word' id='word_1_48' title='bbox 1219 988 1265 1056; x_wconf 93' lang='lat' dir='ltr'><strong>de</strong></span> <span class='ocrx_word' id='word_1_49' title='bbox 1291 990 1444 1075; x_wconf 68' lang='lat' dir='ltr'><strong>homine,</strong></span> 
     </span>
     <span class='ocr_line' id='line_1_8' title="bbox 278 1088 1446 1179; baseline 0 -20"><span class='ocrx_word' id='word_1_50' title='bbox 278 1093 413 1161; x_wconf 78' lang='lat' dir='ltr'><strong>dicimus</strong></span> <span class='ocrx_word' id='word_1_51' title='bbox 436 1094 520 1160; x_wconf 90' lang='lat' dir='ltr'><strong>enim</strong></span> <span class='ocrx_word' id='word_1_52' title='bbox 542 1094 595 1161; x_wconf 91' lang='lat' dir='ltr'><strong>hic</strong></span> <span class='ocrx_word' id='word_1_53' title='bbox 617 1093 712 1160; x_wconf 93' lang='lat' dir='ltr'><strong>homo</strong></span> <span class='ocrx_word' id='word_1_54' title='bbox 728 1092 829 1160; x_wconf 89' lang='lat' dir='ltr'><strong>Nihili</strong></span> <span class='ocrx_word' id='word_1_55' title='bbox 851 1088 921 1179; x_wconf 87' lang='lat' dir='ltr'><strong>[est]</strong></span> <span class='ocrx_word' id='word_1_56' title='bbox 944 1098 977 1159; x_wconf 91' lang='lat' dir='ltr'><strong>et</strong></span> <span class='ocrx_word' id='word_1_57' title='bbox 999 1089 1091 1158; x_wconf 90' lang='lat' dir='ltr'><strong>huius</strong></span> <span class='ocrx_word' id='word_1_58' title='bbox 1113 1089 1253 1159; x_wconf 92' lang='lat' dir='ltr'><strong>hominis</strong></span> <span class='ocrx_word' id='word_1_59' title='bbox 1277 1092 1393 1161; x_wconf 90' lang='lat' dir='ltr'><strong>Nihili</strong></span> <span class='ocrx_word' id='word_1_60' title='bbox 1415 1100 1446 1164; x_wconf 87' lang='lat' dir='ltr'><strong>et</strong></span> 
     </span>
     <span class='ocr_line' id='line_1_9' title="bbox 279 1191 1445 1275; baseline 0.003 -14"><span class='ocrx_word' id='word_1_61' title='bbox 279 1196 364 1263; x_wconf 91' lang='lat' dir='ltr'><strong>hunc</strong></span> <span class='ocrx_word' id='word_1_62' title='bbox 384 1195 545 1264; x_wconf 91' lang='lat' dir='ltr'><strong>hominem</strong></span> <span class='ocrx_word' id='word_1_63' title='bbox 567 1195 679 1263; x_wconf 87' lang='lat' dir='ltr'><strong>Nihili.</strong></span> <span class='ocrx_word' id='word_1_64' title='bbox 723 1193 760 1261; x_wconf 85' lang='lat' dir='ltr'><strong>Si</strong></span> <span class='ocrx_word' id='word_1_65' title='bbox 787 1195 820 1260; x_wconf 94' lang='lat' dir='ltr'><strong>in</strong></span> <span class='ocrx_word' id='word_1_66' title='bbox 848 1194 904 1261; x_wconf 92' lang='lat' dir='ltr'><strong>illo</strong></span> <span class='ocrx_word' id='word_1_67' title='bbox 932 1199 1215 1275; x_wconf 79' lang='lat' dir='ltr'><strong>commutaremus,</strong></span> <span class='ocrx_word' id='word_1_68' title='bbox 1251 1191 1445 1264; x_wconf 78' lang='lat' dir='ltr'><strong>diceremus</strong></span> 
     </span>
     <span class='ocr_line' id='line_1_10' title="bbox 279 1293 1443 1385; baseline -0.001 -22"><span class='ocrx_word' id='word_1_69' title='bbox 279 1304 313 1364; x_wconf 90' lang='lat' dir='ltr'><strong>ut</strong></span> <span class='ocrx_word' id='word_1_70' title='bbox 334 1298 395 1365; x_wconf 91' lang='lat' dir='ltr'><strong>hoc</strong></span> <span class='ocrx_word' id='word_1_71' title='bbox 416 1297 530 1365; x_wconf 89' lang='lat' dir='ltr'><strong>Linum</strong></span> <span class='ocrx_word' id='word_1_72' title='bbox 553 1302 586 1364; x_wconf 88' lang='lat' dir='ltr'><strong>et</strong></span> <span class='ocrx_word' id='word_1_73' title='bbox 608 1297 743 1381; x_wconf 90' lang='lat' dir='ltr'><strong>Limum,</strong></span> <span class='ocrx_word' id='word_1_74' title='bbox 766 1295 813 1362; x_wconf 90' lang='lat' dir='ltr'><strong>sic</strong></span> <span class='ocrx_word' id='word_1_75' title='bbox 834 1295 994 1379; x_wconf 88' lang='lat' dir='ltr'><strong>Nihilum,</strong></span> <span class='ocrx_word' id='word_1_76' title='bbox 1021 1315 1085 1362; x_wconf 93' lang='lat' dir='ltr'><strong>non</strong></span> <span class='ocrx_word' id='word_1_77' title='bbox 1106 1293 1158 1360; x_wconf 88' lang='lat' dir='ltr'><strong>hic</strong></span> <span class='ocrx_word' id='word_1_78' title='bbox 1180 1294 1301 1381; x_wconf 88' lang='lat' dir='ltr'><strong>Nihili,</strong></span> <span class='ocrx_word' id='word_1_79' title='bbox 1325 1305 1363 1365; x_wconf 90' lang='lat' dir='ltr'><strong>et</strong></span> <span class='ocrx_word' id='word_1_80' title='bbox 1388 1295 1443 1385; x_wconf 84' lang='lat' dir='ltr'><strong>[ut]</strong></span> 
     </span>
     <span class='ocr_line' id='line_1_11' title="bbox 278 1395 1489 1483; baseline -0.003 -17"><span class='ocrx_word' id='word_1_81' title='bbox 278 1398 352 1467; x_wconf 88' lang='lat' dir='ltr'><strong>huic</strong></span> <span class='ocrx_word' id='word_1_82' title='bbox 377 1401 456 1467; x_wconf 92' lang='lat' dir='ltr'><strong>Lino</strong></span> <span class='ocrx_word' id='word_1_83' title='bbox 480 1406 512 1467; x_wconf 90' lang='lat' dir='ltr'><strong>et</strong></span> <span class='ocrx_word' id='word_1_84' title='bbox 533 1400 639 1483; x_wconf 92' lang='lat' dir='ltr'><strong>Limo,</strong></span> <span class='ocrx_word' id='word_1_85' title='bbox 665 1399 712 1465; x_wconf 91' lang='lat' dir='ltr'><strong>sic</strong></span> <span class='ocrx_word' id='word_1_86' title='bbox 734 1398 862 1482; x_wconf 89' lang='lat' dir='ltr'><strong>Nihilo,</strong></span> <span class='ocrx_word' id='word_1_87' title='bbox 892 1418 956 1464; x_wconf 92' lang='lat' dir='ltr'><strong>non</strong></span> <span class='ocrx_word' id='word_1_88' title='bbox 977 1396 1052 1464; x_wconf 90' lang='lat' dir='ltr'><strong>huic</strong></span> <span class='ocrx_word' id='word_1_89' title='bbox 1073 1395 1184 1462; x_wconf 90' lang='lat' dir='ltr'><strong>Nihili.</strong></span> <span class='ocrx_word' id='word_1_90' title='bbox 1229 1398 1351 1468; x_wconf 87' lang='lat' dir='ltr'><strong>Potest</strong></span> <span class='ocrx_word' id='word_1_91' title='bbox 1378 1399 1445 1470; x_wconf 86' lang='lat' dir='ltr'><strong>dici</strong></span> <span class='ocrx_word' id='word_1_92' title='bbox 1464 1413 1489 1463; x_wconf 87' lang='lat'><strong>10</strong></span> 
     </span>
     <span class='ocr_line' id='line_1_12' title="bbox 279 1497 1444 1587; baseline 0.003 -20"><span class='ocrx_word' id='word_1_93' title='bbox 279 1501 419 1587; x_wconf 81' lang='lat' dir='ltr'><strong>patricos</strong></span> <span class='ocrx_word' id='word_1_94' title='bbox 442 1521 551 1585; x_wconf 88' lang='lat' dir='ltr'><strong>casus,</strong></span> <span class='ocrx_word' id='word_1_95' title='bbox 581 1505 616 1569; x_wconf 91' lang='lat' dir='ltr'><strong>ut</strong></span> <span class='ocrx_word' id='word_1_96' title='bbox 638 1500 669 1568; x_wconf 93' lang='lat' dir='ltr'><strong>ei</strong></span> <span class='ocrx_word' id='word_1_97' title='bbox 690 1507 927 1586; x_wconf 81' lang='lat' dir='ltr'><strong>praeponuntur</strong></span> <span class='ocrx_word' id='word_1_98' title='bbox 948 1497 1158 1584; x_wconf 81' lang='lat' dir='ltr'><strong>praenomina</strong></span> <span class='ocrx_word' id='word_1_99' title='bbox 1178 1497 1293 1584; x_wconf 86' lang='lat' dir='ltr'><strong>plura,</strong></span> <span class='ocrx_word' id='word_1_100' title='bbox 1328 1509 1366 1570; x_wconf 89' lang='lat' dir='ltr'><strong>nt</strong></span> <span class='ocrx_word' id='word_1_101' title='bbox 1390 1502 1444 1570; x_wconf 90' lang='lat' dir='ltr'><strong>hic</strong></span> 
     </span>
     <span class='ocr_line' id='line_1_13' title="bbox 279 1599 1442 1689; baseline 0.003 -19"><span class='ocrx_word' id='word_1_102' title='bbox 279 1623 372 1670; x_wconf 87' lang='lat' dir='ltr'><strong>casus</strong></span> <span class='ocrx_word' id='word_1_103' title='bbox 405 1602 563 1686; x_wconf 82' lang='lat' dir='ltr'><strong>Terentii,</strong></span> <span class='ocrx_word' id='word_1_104' title='bbox 599 1602 682 1669; x_wconf 91' lang='lat' dir='ltr'><strong>hunc</strong></span> <span class='ocrx_word' id='word_1_105' title='bbox 715 1622 824 1669; x_wconf 89' lang='lat' dir='ltr'><strong>casum</strong></span> <span class='ocrx_word' id='word_1_106' title='bbox 859 1602 1018 1687; x_wconf 83' lang='lat' dir='ltr'><strong>Terentii,</strong></span> <span class='ocrx_word' id='word_1_107' title='bbox 1056 1599 1108 1668; x_wconf 89' lang='lat' dir='ltr'><strong>hic</strong></span> <span class='ocrx_word' id='word_1_108' title='bbox 1141 1599 1233 1666; x_wconf 88' lang='lat' dir='ltr'><strong>miles</strong></span> <span class='ocrx_word' id='word_1_109' title='bbox 1267 1603 1442 1689; x_wconf 79' lang='lat' dir='ltr'><strong>Legionis,</strong></span> 
     </span>
     <span class='ocr_line' id='line_1_14' title="bbox 278 1703 1135 1789; baseline 0.002 -20"><span class='ocrx_word' id='word_1_110' title='bbox 278 1705 372 1770; x_wconf 89' lang='lat' dir='ltr'><strong>huius</strong></span> <span class='ocrx_word' id='word_1_111' title='bbox 393 1704 503 1770; x_wconf 91' lang='lat' dir='ltr'><strong>militis</strong></span> <span class='ocrx_word' id='word_1_112' title='bbox 527 1704 690 1789; x_wconf 82' lang='lat' dir='ltr'><strong>Legionis,</strong></span> <span class='ocrx_word' id='word_1_113' title='bbox 713 1706 798 1772; x_wconf 89' lang='lat' dir='ltr'><strong>hunc</strong></span> <span class='ocrx_word' id='word_1_114' title='bbox 819 1704 954 1773; x_wconf 90' lang='lat' dir='ltr'><strong>militem</strong></span> <span class='ocrx_word' id='word_1_115' title='bbox 976 1703 1135 1785; x_wconf 66' lang='lat' dir='ltr'><strong>Legionis.</strong></span> 
     </span>
    </p>

    <p class='ocr_par' dir='ltr' id='par_1_3' title="bbox 174 1807 1490 2095">
     <span class='ocr_line' id='line_1_15' title="bbox 174 1807 1443 1890; baseline 0.002 -16"><span class='ocrx_word' id='word_1_116' title='bbox 174 1811 194 1890; x_wconf 63' lang='grc' dir='ltr'><strong>ξ</strong></span> <span class='ocrx_word' id='word_1_117' title='bbox 216 1814 256 1874; x_wconf 84' lang='grc'><strong>55</strong></span> <span class='ocrx_word' id='word_1_118' title='bbox 364 1808 414 1872; x_wconf 91' lang='grc'><strong>38.</strong></span> <span class='ocrx_word' id='word_1_119' title='bbox 452 1807 521 1873; x_wconf 88' lang='lat' dir='ltr'><strong>Nec</strong></span> <span class='ocrx_word' id='word_1_120' title='bbox 542 1825 619 1880; x_wconf 82' lang='lat' dir='ltr'><strong>uon,</strong></span> <span class='ocrx_word' id='word_1_121' title='bbox 649 1826 720 1874; x_wconf 88' lang='lat' dir='ltr'><strong>cunr</strong></span> <span class='ocrx_word' id='word_1_122' title='bbox 743 1807 846 1874; x_wconf 92' lang='lat' dir='ltr'><strong>omnis</strong></span> <span class='ocrx_word' id='word_1_123' title='bbox 867 1814 981 1874; x_wconf 87' lang='lat' dir='ltr'><strong>natura</strong></span> <span class='ocrx_word' id='word_1_124' title='bbox 1002 1807 1044 1874; x_wconf 86' lang='lat' dir='ltr'><strong>sit</strong></span> <span class='ocrx_word' id='word_1_125' title='bbox 1065 1812 1121 1872; x_wconf 85' lang='lat' dir='ltr'><strong>eut</strong></span> <span class='ocrx_word' id='word_1_126' title='bbox 1141 1824 1211 1872; x_wconf 82' lang='lat' dir='ltr'><strong>mss</strong></span> <span class='ocrx_word' id='word_1_127' title='bbox 1232 1809 1292 1872; x_wconf 85' lang='lat' dir='ltr'><strong>aut</strong></span> <span class='ocrx_word' id='word_1_128' title='bbox 1315 1809 1443 1876; x_wconf 88' lang='lat' dir='ltr'><strong>femina</strong></span> 
     </span>
     <span class='ocr_line' id='line_1_16' title="bbox 277 1905 1490 1993; baseline 0 -21"><span class='ocrx_word' id='word_1_129' title='bbox 277 1912 333 1973; x_wconf 86' lang='lat' dir='ltr'><strong>aut</strong></span> <span class='ocrx_word' id='word_1_130' title='bbox 354 1913 517 1991; x_wconf 89' lang='lat' dir='ltr'><strong>neutrum,</strong></span> <span class='ocrx_word' id='word_1_131' title='bbox 549 1907 701 1977; x_wconf 85' lang='lat' dir='ltr'><strong>debuisse</strong></span> <span class='ocrx_word' id='word_1_132' title='bbox 725 1929 766 1976; x_wconf 90' lang='lat' dir='ltr'><strong>ex</strong></span> <span class='ocrx_word' id='word_1_133' title='bbox 788 1909 922 1993; x_wconf 86' lang='lat' dir='ltr'><strong>singulis</strong></span> <span class='ocrx_word' id='word_1_134' title='bbox 945 1907 1078 1977; x_wconf 84' lang='lat' dir='ltr'><strong>vocibus</strong></span> <span class='ocrx_word' id='word_1_135' title='bbox 1102 1913 1208 1975; x_wconf 88' lang='lat' dir='ltr'><strong>ternas</strong></span> <span class='ocrx_word' id='word_1_136' title='bbox 1229 1905 1358 1991; x_wconf 82' lang='lat' dir='ltr'><strong>figuras</strong></span> <span class='ocrx_word' id='word_1_137' title='bbox 1384 1932 1438 1979; x_wconf 90' lang='lat' dir='ltr'><strong>vo·</strong></span> <span class='ocrx_word' id='word_1_138' title='bbox 1464 1921 1490 1973; x_wconf 79' lang='lat' dir='ltr'><strong>tc</strong></span> 
     </span>
     <span class='ocr_line' id='line_1_17' title="bbox 279 2007 1440 2095; baseline 0.007 -21"><span class='ocrx_word' id='word_1_139' title='bbox 279 2009 462 2076; x_wconf 89' lang='lat' dir='ltr'><strong>cabulornm</strong></span> <span class='ocrx_word' id='word_1_140' title='bbox 490 2009 560 2077; x_wconf 88' lang='lat' dir='ltr'><strong>fieri</strong></span> <span class='ocrx_word' id='word_1_141' title='bbox 588 2017 623 2079; x_wconf 91' lang='lat' dir='ltr'><strong>ut</strong></span> <span class='ocrx_word' id='word_1_142' title='bbox 650 2011 753 2079; x_wconf 88' lang='lat' dir='ltr'><strong>Albus</strong></span> <span class='ocrx_word' id='word_1_143' title='bbox 774 2012 861 2079; x_wconf 83' lang='lat' dir='ltr'><strong>Alba</strong></span> <span class='ocrx_word' id='word_1_144' title='bbox 882 2011 1016 2095; x_wconf 76' lang='lat' dir='ltr'><strong>Album,</strong></span> <span class='ocrx_word' id='word_1_145' title='bbox 1050 2030 1133 2076; x_wconf 90' lang='lat' dir='ltr'><strong>nunc</strong></span> <span class='ocrx_word' id='word_1_146' title='bbox 1160 2007 1229 2076; x_wconf 91' lang='lat' dir='ltr'><strong>fieri</strong></span> <span class='ocrx_word' id='word_1_147' title='bbox 1258 2009 1294 2077; x_wconf 91' lang='lat' dir='ltr'><strong>in</strong></span> <span class='ocrx_word' id='word_1_148' title='bbox 1325 2013 1440 2082; x_wconf 90' lang='lat' dir='ltr'><strong>multis</strong></span> 
     </span>
    </p>

    <p class='ocr_par' dir='ltr' id='par_1_4' title="bbox 123 2111 1488 2606">
     <span class='ocr_line' id='line_1_18' title="bbox 123 2111 1440 2198; baseline 0.008 -26"><span class='ocrx_word' id='word_1_149' title='bbox 123 2111 375 2183; x_wconf 52' lang='lat' dir='ltr'><strong>(suessanus</strong></span> <span class='ocrx_word' id='word_1_150' title='bbox 398 2111 492 2179; x_wconf 89' lang='lat' dir='ltr'><strong>binas</strong></span> <span class='ocrx_word' id='word_1_151' title='bbox 514 2118 548 2180; x_wconf 86' lang='lat' dir='ltr'><strong>ut</strong></span> <span class='ocrx_word' id='word_1_152' title='bbox 571 2114 720 2182; x_wconf 88' lang='lat' dir='ltr'><strong>Metellus</strong></span> <span class='ocrx_word' id='word_1_153' title='bbox 741 2114 880 2198; x_wconf 88' lang='lat' dir='ltr'><strong>Metella,</strong></span> <span class='ocrx_word' id='word_1_154' title='bbox 903 2113 1024 2180; x_wconf 83' lang='lat' dir='ltr'><strong>Ennius</strong></span> <span class='ocrx_word' id='word_1_155' title='bbox 1046 2111 1166 2193; x_wconf 77' lang='lat' dir='ltr'><strong>Ennia,</strong></span> <span class='ocrx_word' id='word_1_156' title='bbox 1189 2112 1348 2179; x_wconf 87' lang='lat' dir='ltr'><strong>nonnulla</strong></span> <span class='ocrx_word' id='word_1_157' title='bbox 1372 2116 1440 2182; x_wconf 91' lang='lat' dir='ltr'><strong>sin·</strong></span> 
     </span>
     <span class='ocr_line' id='line_1_19' title="bbox 276 2213 1436 2300; baseline 0.003 -21"><span class='ocrx_word' id='word_1_158' title='bbox 276 2213 354 2299; x_wconf 82' lang='lat' dir='ltr'><strong>gula</strong></span> <span class='ocrx_word' id='word_1_159' title='bbox 375 2222 411 2282; x_wconf 91' lang='lat' dir='ltr'><strong>ut</strong></span> <span class='ocrx_word' id='word_1_160' title='bbox 432 2213 634 2300; x_wconf 80' lang='lat' dir='ltr'><strong>Tragoedus,</strong></span> <span class='ocrx_word' id='word_1_161' title='bbox 658 2215 854 2289; x_wconf 76' lang='lat' dir='ltr'><strong>Comoedus5</strong></span> <span class='ocrx_word' id='word_1_162' title='bbox 883 2214 930 2281; x_wconf 92' lang='lat' dir='ltr'><strong>sic</strong></span> <span class='ocrx_word' id='word_1_163' title='bbox 952 2232 1023 2281; x_wconf 89' lang='lat' dir='ltr'><strong>esse</strong></span> <span class='ocrx_word' id='word_1_164' title='bbox 1045 2213 1203 2295; x_wconf 87' lang='lat' dir='ltr'><strong>Marcum,</strong></span> <span class='ocrx_word' id='word_1_165' title='bbox 1227 2213 1436 2297; x_wconf 90' lang='lat' dir='ltr'><strong>Numerium,</strong></span> 
     </span>
     <span class='ocr_line' id='line_1_20' title="bbox 277 2314 1437 2403; baseline 0.003 -24"><span class='ocrx_word' id='word_1_166' title='bbox 277 2320 311 2380; x_wconf 90' lang='lat' dir='ltr'><strong>at</strong></span> <span class='ocrx_word' id='word_1_167' title='bbox 332 2316 489 2403; x_wconf 87' lang='lat' dir='ltr'><strong>Marcam,</strong></span> <span class='ocrx_word' id='word_1_168' title='bbox 519 2323 553 2383; x_wconf 85' lang='lat' dir='ltr'><strong>at</strong></span> <span class='ocrx_word' id='word_1_169' title='bbox 573 2317 759 2386; x_wconf 90' lang='lat' dir='ltr'><strong>Numeriam</strong></span> <span class='ocrx_word' id='word_1_170' title='bbox 787 2338 851 2384; x_wconf 91' lang='lat' dir='ltr'><strong>non</strong></span> <span class='ocrx_word' id='word_1_171' title='bbox 880 2336 966 2400; x_wconf 72' lang='lat' dir='ltr'><strong>esse,</strong></span> <span class='ocrx_word' id='word_1_172' title='bbox 1002 2315 1066 2381; x_wconf 89' lang='lat' dir='ltr'><strong>dici</strong></span> <span class='ocrx_word' id='word_1_173' title='bbox 1088 2315 1241 2398; x_wconf 77' lang='lat' dir='ltr'><strong>Corvum,</strong></span> <span class='ocrx_word' id='word_1_174' title='bbox 1272 2314 1437 2401; x_wconf 90' lang='lat' dir='ltr'><strong>Turdum,</strong></span> 
     </span>
     <span class='ocr_line' id='line_1_21' title="bbox 276 2415 1488 2504; baseline 0.001 -22"><span class='ocrx_word' id='word_1_175' title='bbox 276 2438 339 2484; x_wconf 92' lang='lat' dir='ltr'><strong>non</strong></span> <span class='ocrx_word' id='word_1_176' title='bbox 362 2417 427 2484; x_wconf 89' lang='lat' dir='ltr'><strong>dici</strong></span> <span class='ocrx_word' id='word_1_177' title='bbox 447 2418 597 2504; x_wconf 75' lang='lat' dir='ltr'><strong>(lorsam,</strong></span> <span class='ocrx_word' id='word_1_178' title='bbox 620 2420 777 2504; x_wconf 76' lang='lat' dir='ltr'><strong>Turdam,</strong></span> <span class='ocrx_word' id='word_1_179' title='bbox 808 2424 919 2486; x_wconf 85' lang='lat' dir='ltr'><strong>contra</strong></span> <span class='ocrx_word' id='word_1_180' title='bbox 941 2415 1006 2484; x_wconf 91' lang='lat' dir='ltr'><strong>dici</strong></span> <span class='ocrx_word' id='word_1_181' title='bbox 1028 2417 1237 2499; x_wconf 87' lang='lat' dir='ltr'><strong>Pantheram,</strong></span> <span class='ocrx_word' id='word_1_182' title='bbox 1260 2417 1438 2504; x_wconf 88' lang='lat' dir='ltr'><strong>Merulam,</strong></span> <span class='ocrx_word' id='word_1_183' title='bbox 1460 2431 1488 2483; x_wconf 78' lang='lat' dir='ltr'><strong>so</strong></span> 
     </span>
     <span class='ocr_line' id='line_1_22' title="bbox 276 2517 1438 2606; baseline 0.003 -23"><span class='ocrx_word' id='word_1_184' title='bbox 276 2538 340 2585; x_wconf 93' lang='lat' dir='ltr'><strong>non</strong></span> <span class='ocrx_word' id='word_1_185' title='bbox 371 2517 434 2587; x_wconf 90' lang='lat' dir='ltr'><strong>dici</strong></span> <span class='ocrx_word' id='word_1_186' title='bbox 462 2522 672 2606; x_wconf 91' lang='lat' dir='ltr'><strong>Pantherum,</strong></span> <span class='ocrx_word' id='word_1_187' title='bbox 713 2521 886 2604; x_wconf 74' lang='lat' dir='ltr'><strong>Metulum,</strong></span> <span class='ocrx_word' id='word_1_188' title='bbox 925 2520 1044 2587; x_wconf 91' lang='lat' dir='ltr'><strong>nullius</strong></span> <span class='ocrx_word' id='word_1_189' title='bbox 1080 2523 1222 2585; x_wconf 91' lang='lat' dir='ltr'><strong>nostrum</strong></span> <span class='ocrx_word' id='word_1_190' title='bbox 1256 2518 1361 2586; x_wconf 89' lang='lat' dir='ltr'><strong>filium</strong></span> <span class='ocrx_word' id='word_1_191' title='bbox 1403 2526 1438 2587; x_wconf 92' lang='lat' dir='ltr'><strong>et</strong></span> 
     </span>
    </p>
   </div>
   <div class='ocr_carea' id='block_1_3' title="bbox 272 2788 1435 3464">
    <p class='ocr_par' dir='ltr' id='par_1_5' title="bbox 272 2788 1435 3464">
     <span class='ocr_line' id='line_1_23' title="bbox 276 2788 1435 2865; baseline 0.001 -23"><span class='ocrx_word' id='word_1_192' title='bbox 276 2788 328 2845; x_wconf 82' lang='lat' dir='ltr'><strong>boc</strong></span> <span class='ocrx_word' id='word_1_193' title='bbox 346 2788 505 2860; x_wconf 78' lang='lat' dir='ltr'><strong>Scaliger</strong></span> <span class='ocrx_word' id='word_1_194' title='bbox 523 2808 561 2847; x_wconf 75' lang='lat' dir='ltr'><strong>ex</strong></span> <span class='ocrx_word' id='word_1_195' title='bbox 578 2791 603 2847; x_wconf 92' lang='lat' dir='ltr'>V</span> <span class='ocrx_word' id='word_1_196' title='bbox 621 2794 637 2860; x_wconf 78' lang='lat'>§</span> <span class='ocrx_word' id='word_1_197' title='bbox 657 2795 699 2847; x_wconf 83' lang='grc'><strong>60.</strong></span> <span class='ocrx_word' id='word_1_198' title='bbox 723 2822 756 2830; x_wconf 89' lang='grc'>-</span> <span class='ocrx_word' id='word_1_199' title='bbox 781 2795 796 2845; x_wconf 82' lang='grc'>2</span> <span class='ocrx_word' id='word_1_200' title='bbox 814 2791 950 2855; x_wconf 89' lang='lat' dir='ltr'><strong>Plautum]</strong></span> <span class='ocrx_word' id='word_1_201' title='bbox 968 2791 1052 2846; x_wconf 86' lang='lat' dir='ltr'><strong>Most.</strong></span> <span class='ocrx_word' id='word_1_202' title='bbox 1064 2790 1087 2858; x_wconf 91' lang='lat'><strong>1,</strong></span> <span class='ocrx_word' id='word_1_203' title='bbox 1101 2794 1124 2857; x_wconf 87' lang='lat'><strong>1,</strong></span> <span class='ocrx_word' id='word_1_204' title='bbox 1139 2792 1180 2843; x_wconf 81' lang='lat'><strong>88.</strong></span> <span class='ocrx_word' id='word_1_205' title='bbox 1199 2819 1233 2828; x_wconf 92' lang='lat'><em>-</em></span> <span class='ocrx_word' id='word_1_206' title='bbox 1251 2793 1266 2844; x_wconf 90' lang='lat'><strong>3</strong></span> <span class='ocrx_word' id='word_1_207' title='bbox 1284 2789 1359 2843; x_wconf 88' lang='lat' dir='ltr'><strong>enim</strong></span> <span class='ocrx_word' id='word_1_208' title='bbox 1377 2790 1435 2865; x_wconf 68' lang='lat' dir='ltr'><strong>del.</strong></span> 
     </span>
     <span class='ocr_line' id='line_1_24' title="bbox 276 2871 1433 2945; baseline -0.001 -16"><span class='ocrx_word' id='word_1_209' title='bbox 276 2873 490 2930; x_wconf 83' lang='lat' dir='ltr'><strong>Vertrunius</strong></span> <span class='ocrx_word' id='word_1_210' title='bbox 507 2892 568 2931; x_wconf 84' lang='lat' dir='ltr'><strong>cum</strong></span> <span class='ocrx_word' id='word_1_211' title='bbox 580 2874 675 2931; x_wconf 83' lang='lat' dir='ltr'><strong>Plauti</strong></span> <span class='ocrx_word' id='word_1_212' title='bbox 693 2876 776 2931; x_wconf 84' lang='lat' dir='ltr'><strong>tibris.</strong></span> <span class='ocrx_word' id='word_1_213' title='bbox 794 2904 829 2916; x_wconf 86' lang='lat'><em>-</em></span> <span class='ocrx_word' id='word_1_214' title='bbox 848 2880 864 2929; x_wconf 87' lang='grc'>4</span> <span class='ocrx_word' id='word_1_215' title='bbox 881 2876 1038 2945; x_wconf 88' lang='lat' dir='ltr'><strong>philoleche</strong></span> <span class='ocrx_word' id='word_1_216' title='bbox 1054 2874 1142 2944; x_wconf 80' lang='lat' dir='ltr'><strong>vulg.</strong></span> <span class='ocrx_word' id='word_1_217' title='bbox 1156 2889 1215 2928; x_wconf 83' lang='lat' dir='ltr'><strong>cum</strong></span> <span class='ocrx_word' id='word_1_218' title='bbox 1228 2871 1326 2928; x_wconf 80' lang='lat' dir='ltr'><strong>Plauti</strong></span> <span class='ocrx_word' id='word_1_219' title='bbox 1344 2873 1433 2930; x_wconf 83' lang='lat' dir='ltr'><strong>libris.</strong></span> 
     </span>
     <span class='ocr_line' id='line_1_25' title="bbox 276 2958 1433 3026; baseline 0.004 -15"><span class='ocrx_word' id='word_1_220' title='bbox 276 2986 308 2994; x_wconf 96' lang='lat'><em>-</em></span> <span class='ocrx_word' id='word_1_221' title='bbox 326 2965 393 3011; x_wconf 85' lang='lat' dir='ltr'><strong>omis</strong></span> <span class='ocrx_word' id='word_1_222' title='bbox 411 2958 444 3012; x_wconf 85' lang='lat' dir='ltr'><strong>F.</strong></span> <span class='ocrx_word' id='word_1_223' title='bbox 463 2988 496 2997; x_wconf 89' lang='lat'><em>-</em></span> <span class='ocrx_word' id='word_1_224' title='bbox 514 2964 529 3012; x_wconf 91' lang='grc'>5</span> <span class='ocrx_word' id='word_1_225' title='bbox 547 2961 643 3016; x_wconf 91' lang='lat' dir='ltr'><strong>nichili</strong></span> <span class='ocrx_word' id='word_1_226' title='bbox 659 2961 692 3016; x_wconf 81' lang='lat' dir='ltr'><strong>F,</strong></span> <span class='ocrx_word' id='word_1_227' title='bbox 715 2991 750 3001; x_wconf 90' lang='lat'>—</span> <span class='ocrx_word' id='word_1_228' title='bbox 774 2965 789 3015; x_wconf 88' lang='grc'>6</span> <span class='ocrx_word' id='word_1_229' title='bbox 808 2975 888 3016; x_wconf 87' lang='lat' dir='ltr'><strong>casus</strong></span> <span class='ocrx_word' id='word_1_230' title='bbox 905 2961 973 3026; x_wconf 88' lang='lat' dir='ltr'><strong>tum]</strong></span> <span class='ocrx_word' id='word_1_231' title='bbox 993 2974 1061 3014; x_wconf 83' lang='lat' dir='ltr'><strong>cusu</strong></span> <span class='ocrx_word' id='word_1_232' title='bbox 1077 2974 1133 3013; x_wconf 92' lang='lat' dir='ltr'><strong>non</strong></span> <span class='ocrx_word' id='word_1_233' title='bbox 1150 2962 1273 3014; x_wconf 87' lang='lat' dir='ltr'><strong>mutante</strong></span> <span class='ocrx_word' id='word_1_234' title='bbox 1289 2958 1433 3016; x_wconf 85' lang='lat' dir='ltr'><strong>Mdller.</strong></span> 
     </span>
     <span class='ocr_line' id='line_1_26' title="bbox 272 3034 1435 3116; baseline 0.006 -22"><span class='ocrx_word' id='word_1_235' title='bbox 272 3034 351 3110; x_wconf 77' lang='lat' dir='ltr'><strong>‘fort</strong></span> <span class='ocrx_word' id='word_1_236' title='bbox 375 3045 434 3096; x_wconf 90' lang='lat' dir='ltr'><strong>tum</strong></span> <span class='ocrx_word' id='word_1_237' title='bbox 456 3057 518 3097; x_wconf 88' lang='lat' dir='ltr'><strong>cum</strong></span> <span class='ocrx_word' id='word_1_238' title='bbox 542 3042 603 3100; x_wconf 70' lang='lat' dir='ltr'><strong>del?</strong></span> <span class='ocrx_word' id='word_1_239' title='bbox 626 3046 699 3116; x_wconf 81' lang='lat' dir='ltr'><strong>LSp.</strong></span> <span class='ocrx_word' id='word_1_240' title='bbox 727 3047 816 3116; x_wconf 82' lang='lat' dir='ltr'><strong>fuisse</strong></span> <span class='ocrx_word' id='word_1_241' title='bbox 838 3045 938 3116; x_wconf 81' lang='lat' dir='ltr'><strong>opinor</strong></span> <span class='ocrx_word' id='word_1_242' title='bbox 962 3059 1042 3098; x_wconf 84' lang='lat' dir='ltr'><strong>casus</strong></span> <span class='ocrx_word' id='word_1_243' title='bbox 1065 3047 1124 3098; x_wconf 92' lang='lat' dir='ltr'><strong>tum</strong></span> <span class='ocrx_word' id='word_1_244' title='bbox 1147 3058 1208 3098; x_wconf 90' lang='lat' dir='ltr'><strong>cum</strong></span> <span class='ocrx_word' id='word_1_245' title='bbox 1225 3047 1435 3100; x_wconf 86' lang='lat' dir='ltr'><strong>commutantur</strong></span> 
     </span>
     <span class='ocr_line' id='line_1_27' title="bbox 276 3125 1433 3199; baseline 0.006 -20"><span class='ocrx_word' id='word_1_246' title='bbox 276 3125 314 3190; x_wconf 89' lang='lat' dir='ltr'><strong>[in</strong></span> <span class='ocrx_word' id='word_1_247' title='bbox 332 3140 365 3180; x_wconf 91' lang='lat' dir='ltr'><strong>eo</strong></span> <span class='ocrx_word' id='word_1_248' title='bbox 383 3129 593 3190; x_wconf 87' lang='lat' dir='ltr'><strong>commutantur]</strong></span> <span class='ocrx_word' id='word_1_249' title='bbox 612 3127 646 3182; x_wconf 92' lang='lat' dir='ltr'><strong>de</strong></span> <span class='ocrx_word' id='word_1_250' title='bbox 664 3146 716 3199; x_wconf 88' lang='lat' dir='ltr'><strong>quo</strong></span> <span class='ocrx_word' id='word_1_251' title='bbox 735 3130 836 3185; x_wconf 88' lang='lat' dir='ltr'><strong>dicitur</strong></span> <span class='ocrx_word' id='word_1_252' title='bbox 853 3129 948 3183; x_wconf 83' lang='lat' dir='ltr'><strong>deletis</strong></span> <span class='ocrx_word' id='word_1_253' title='bbox 964 3128 999 3183; x_wconf 90' lang='lat' dir='ltr'><strong>de</strong></span> <span class='ocrx_word' id='word_1_254' title='bbox 1016 3129 1125 3183; x_wconf 90' lang='lat' dir='ltr'><strong>homine</strong></span> <span class='ocrx_word' id='word_1_255' title='bbox 1143 3129 1237 3184; x_wconf 78' lang='lat' dir='ltr'><strong>verbis</strong></span> <span class='ocrx_word' id='word_1_256' title='bbox 1256 3159 1288 3167; x_wconf 96' lang='lat'>-</span> <span class='ocrx_word' id='word_1_257' title='bbox 1307 3144 1433 3186; x_wconf 91' lang='lat' dir='ltr'><strong>commu·</strong></span> 
     </span>
     <span class='ocr_line' id='line_1_28' title="bbox 276 3209 1432 3284; baseline 0.003 -18"><span class='ocrx_word' id='word_1_258' title='bbox 276 3214 350 3266; x_wconf 81' lang='lat' dir='ltr'><strong>tatur</strong></span> <span class='ocrx_word' id='word_1_259' title='bbox 367 3210 509 3267; x_wconf 84' lang='lat' dir='ltr'><strong>Lectus.</strong></span> <span class='ocrx_word' id='word_1_260' title='bbox 537 3241 570 3252; x_wconf 80' lang='lat'>-</span> <span class='ocrx_word' id='word_1_261' title='bbox 599 3209 683 3269; x_wconf 87' lang='lat' dir='ltr'><strong>&#39;l‘est</strong></span> <span class='ocrx_word' id='word_1_262' title='bbox 698 3215 769 3284; x_wconf 87' lang='lat' dir='ltr'><strong>fort.</strong></span> <span class='ocrx_word' id='word_1_263' title='bbox 788 3211 848 3268; x_wconf 69' lang='lat' dir='ltr'><strong>del?</strong></span> <span class='ocrx_word' id='word_1_264' title='bbox 867 3213 938 3282; x_wconf 86' lang='lat' dir='ltr'>LSp.</span> <span class='ocrx_word' id='word_1_265' title='bbox 967 3243 1000 3252; x_wconf 90' lang='lat'>—</span> <span class='ocrx_word' id='word_1_266' title='bbox 1026 3213 1164 3278; x_wconf 71' lang='lat' dir='ltr'><strong>tlimum]</strong></span> <span class='ocrx_word' id='word_1_267' title='bbox 1184 3213 1270 3268; x_wconf 90' lang='lat' dir='ltr'><strong>libum</strong></span> <span class='ocrx_word' id='word_1_268' title='bbox 1291 3211 1432 3269; x_wconf 81' lang='lat' dir='ltr'><strong>Mhller.</strong></span> 
     </span>
     <span class='ocr_line' id='line_1_29' title="bbox 276 3297 1433 3369; baseline 0.002 -19"><span class='ocrx_word' id='word_1_269' title='bbox 276 3297 370 3351; x_wconf 92' lang='lat' dir='ltr'><strong>limum</strong></span> <span class='ocrx_word' id='word_1_270' title='bbox 386 3313 448 3369; x_wconf 68' lang='lat' dir='ltr'><strong>qen.</strong></span> <span class='ocrx_word' id='word_1_271' title='bbox 467 3302 538 3351; x_wconf 81' lang='lat' dir='ltr'><strong>neat.</strong></span> <span class='ocrx_word' id='word_1_272' title='bbox 556 3312 613 3354; x_wconf 80' lang='lat' dir='ltr'><strong>esse</strong></span> <span class='ocrx_word' id='word_1_273' title='bbox 631 3298 752 3353; x_wconf 84' lang='lat' dir='ltr'><strong>Grornat</strong></span> <span class='ocrx_word' id='word_1_274' title='bbox 777 3301 830 3353; x_wconf 84' lang='lat' dir='ltr'><strong>set.</strong></span> <span class='ocrx_word' id='word_1_275' title='bbox 854 3315 882 3367; x_wconf 89' lang='lat' dir='ltr'><strong>p.</strong></span> <span class='ocrx_word' id='word_1_276' title='bbox 902 3301 943 3366; x_wconf 81' lang='lat'><strong>82,</strong></span> <span class='ocrx_word' id='word_1_277' title='bbox 964 3302 994 3353; x_wconf 84' lang='grc'>19</span> <span class='ocrx_word' id='word_1_278' title='bbox 1018 3314 1060 3352; x_wconf 80' lang='lat' dir='ltr'><strong>me</strong></span> <span class='ocrx_word' id='word_1_279' title='bbox 1081 3299 1187 3353; x_wconf 83' lang='lat' dir='ltr'><strong>monuit</strong></span> <span class='ocrx_word' id='word_1_280' title='bbox 1204 3297 1369 3366; x_wconf 80' lang='lat' dir='ltr'><strong>Georges.</strong></span> <span class='ocrx_word' id='word_1_281' title='bbox 1395 3327 1433 3340; x_wconf 90' lang='grc'><strong>-</strong></span> 
     </span>
     <span class='ocr_line' id='line_1_30' title="bbox 276 3376 1429 3464; baseline 0 -26"><span class='ocrx_word' id='word_1_282' title='bbox 276 3385 316 3446; x_wconf 84' lang='lat' dir='ltr'><strong>ut]</strong></span> <span class='ocrx_word' id='word_1_283' title='bbox 328 3381 392 3437; x_wconf 81' lang='lat' dir='ltr'><strong>add.</strong></span> <span class='ocrx_word' id='word_1_284' title='bbox 405 3381 541 3437; x_wconf 82' lang='lat' dir='ltr'><strong>Mdller.</strong></span> <span class='ocrx_word' id='word_1_285' title='bbox 560 3413 593 3422; x_wconf 92' lang='lat'><em>-</em></span> <span class='ocrx_word' id='word_1_286' title='bbox 612 3382 944 3447; x_wconf 82' lang='lat' dir='ltr'><strong>lolim011lbonllcr.</strong></span> <span class='ocrx_word' id='word_1_287' title='bbox 963 3412 997 3422; x_wconf 89' lang='lat'>—</span> <span class='ocrx_word' id='word_1_288' title='bbox 1011 3376 1093 3453; x_wconf 81' lang='lat' dir='ltr'><strong>‘sort</strong></span> <span class='ocrx_word' id='word_1_289' title='bbox 1106 3381 1193 3464; x_wconf 78' lang='lat' dir='ltr'><strong>nihili.</strong></span> <span class='ocrx_word' id='word_1_290' title='bbox 1220 3380 1308 3438; x_wconf 92' lang='lat' dir='ltr'><strong>Nihili</strong></span> <span class='ocrx_word' id='word_1_291' title='bbox 1319 3378 1429 3451; x_wconf 85' lang='lat' dir='ltr'><strong>potest&#39;</strong></span> 
     </span>
    </p>
   </div>
   <div class='ocr_carea' id='block_1_4' title="bbox 271 3469 1431 4337">
    <p class='ocr_par' dir='ltr' id='par_1_6' title="bbox 271 3469 1431 4337">
     <span class='ocr_line' id='line_1_31' title="bbox 276 3469 1431 3574; baseline 0.004 -19"><span class='ocrx_word' id='word_1_292' title='bbox 276 3501 348 3572; x_wconf 85' lang='lat' dir='ltr'><strong>LSp.</strong></span> <span class='ocrx_word' id='word_1_293' title='bbox 374 3531 409 3540; x_wconf 94' lang='lat'>—</span> <span class='ocrx_word' id='word_1_294' title='bbox 437 3506 465 3554; x_wconf 92' lang='grc'><strong>11</strong></span> <span class='ocrx_word' id='word_1_295' title='bbox 486 3506 691 3572; x_wconf 83' lang='lat' dir='ltr'><strong>praeponantur</strong></span> <span class='ocrx_word' id='word_1_296' title='bbox 709 3500 843 3557; x_wconf 83' lang='lat' dir='ltr'><strong>Mdller.</strong></span> <span class='ocrx_word' id='word_1_297' title='bbox 871 3533 903 3541; x_wconf 93' lang='lat'>—</span> <span class='ocrx_word' id='word_1_298' title='bbox 929 3501 1116 3572; x_wconf 85' lang='lat' dir='ltr'><strong>praenomina]</strong></span> <span class='ocrx_word' id='word_1_299' title='bbox 1131 3469 1261 3558; x_wconf 71' lang='lat' dir='ltr'><strong>pronius</strong></span> <span class='ocrx_word' id='word_1_300' title='bbox 1282 3502 1320 3570; x_wconf 86' lang='lat' dir='ltr'><strong>F,</strong></span> <span class='ocrx_word' id='word_1_301' title='bbox 1347 3518 1431 3574; x_wconf 80' lang='lat' dir='ltr'><strong>prac-</strong></span> 
     </span>
     <span class='ocr_line' id='line_1_32' title="bbox 276 3585 1431 3660; baseline 0.003 -20"><span class='ocrx_word' id='word_1_302' title='bbox 276 3585 386 3641; x_wconf 84' lang='lat' dir='ltr'><strong>nomina</strong></span> <span class='ocrx_word' id='word_1_303' title='bbox 412 3586 536 3654; x_wconf 90' lang='lat' dir='ltr'><strong>ceteri,</strong></span> <span class='ocrx_word' id='word_1_304' title='bbox 562 3587 724 3658; x_wconf 81' lang='lat' dir='ltr'><strong>pronomine</strong></span> <span class='ocrx_word' id='word_1_305' title='bbox 748 3588 886 3643; x_wconf 78' lang='lat' dir='ltr'><strong>Laetus.</strong></span> <span class='ocrx_word' id='word_1_306' title='bbox 911 3617 944 3626; x_wconf 90' lang='lat'>—</span> <span class='ocrx_word' id='word_1_307' title='bbox 973 3592 1005 3641; x_wconf 82' lang='grc'>14</span> <span class='ocrx_word' id='word_1_308' title='bbox 1022 3603 1074 3643; x_wconf 90' lang='lat' dir='ltr'><strong>nec</strong></span> <span class='ocrx_word' id='word_1_309' title='bbox 1097 3592 1161 3653; x_wconf 88' lang='lat' dir='ltr'><strong>non]</strong></span> <span class='ocrx_word' id='word_1_310' title='bbox 1185 3587 1299 3660; x_wconf 78' lang='lat' dir='ltr'><strong>scripsi,</strong></span> <span class='ocrx_word' id='word_1_311' title='bbox 1325 3593 1431 3658; x_wconf 80' lang='lat' dir='ltr'><strong>negant</strong></span> 
     </span>
     <span class='ocr_line' id='line_1_33' title="bbox 274 3670 1431 3742; baseline 0.003 -18"><span class='ocrx_word' id='word_1_312' title='bbox 274 3670 367 3726; x_wconf 91' lang='lat' dir='ltr'><strong>libri.</strong></span> <span class='ocrx_word' id='word_1_313' title='bbox 385 3671 441 3725; x_wconf 73' lang='lat' dir='ltr'><strong>oisc·</strong></span> <span class='ocrx_word' id='word_1_314' title='bbox 454 3671 531 3741; x_wconf 80' lang='lat' dir='ltr'><strong>sorte</strong></span> <span class='ocrx_word' id='word_1_315' title='bbox 546 3672 606 3742; x_wconf 79' lang='lat' dir='ltr'><strong>fuit</strong></span> <span class='ocrx_word' id='word_1_316' title='bbox 621 3688 673 3728; x_wconf 90' lang='lat' dir='ltr'><strong>nec</strong></span> <span class='ocrx_word' id='word_1_317' title='bbox 689 3675 798 3742; x_wconf 82' lang='lat' dir='ltr'><strong>negant.</strong></span> <span class='ocrx_word' id='word_1_318' title='bbox 817 3703 851 3712; x_wconf 97' lang='lat'>—</span> <span class='ocrx_word' id='word_1_319' title='bbox 869 3671 955 3728; x_wconf 91' lang='lat' dir='ltr'><strong>omnis</strong></span> <span class='ocrx_word' id='word_1_320' title='bbox 973 3688 1026 3729; x_wconf 87' lang='lat' dir='ltr'><strong>vox</strong></span> <span class='ocrx_word' id='word_1_321' title='bbox 1043 3676 1143 3729; x_wconf 82' lang='lat' dir='ltr'><strong>nutura</strong></span> <span class='ocrx_word' id='word_1_322' title='bbox 1159 3674 1236 3728; x_wconf 85' lang='lat' dir='ltr'><strong>Ant.</strong></span> <span class='ocrx_word' id='word_1_323' title='bbox 1248 3672 1375 3727; x_wconf 90' lang='lat' dir='ltr'><strong>Miller.</strong></span> <span class='ocrx_word' id='word_1_324' title='bbox 1394 3703 1431 3714; x_wconf 94' lang='lat'><em>-</em></span> 
     </span>
     <span class='ocr_line' id='line_1_34' title="bbox 278 3756 1428 3829; baseline 0.002 -19"><span class='ocrx_word' id='word_1_325' title='bbox 278 3761 309 3810; x_wconf 88' lang='grc'>15</span> <span class='ocrx_word' id='word_1_326' title='bbox 322 3756 458 3821; x_wconf 84' lang='lat' dir='ltr'><strong>debuisse]</strong></span> <span class='ocrx_word' id='word_1_327' title='bbox 475 3771 532 3811; x_wconf 91' lang='lat' dir='ltr'><strong>non</strong></span> <span class='ocrx_word' id='word_1_328' title='bbox 548 3757 676 3814; x_wconf 87' lang='lat' dir='ltr'><strong>debuisse</strong></span> <span class='ocrx_word' id='word_1_329' title='bbox 688 3756 830 3826; x_wconf 86' lang='lat' dir='ltr'><strong>Mliller,</strong></span> <span class='ocrx_word' id='word_1_330' title='bbox 848 3757 923 3828; x_wconf 81' lang='lat' dir='ltr'><strong>quod</strong></span> <span class='ocrx_word' id='word_1_331' title='bbox 937 3756 1071 3829; x_wconf 82' lang='lat' dir='ltr'><strong>probasse</strong></span> <span class='ocrx_word' id='word_1_332' title='bbox 1082 3759 1134 3814; x_wconf 79' lang='lat' dir='ltr'><strong>vid.</strong></span> <span class='ocrx_word' id='word_1_333' title='bbox 1146 3757 1218 3828; x_wconf 76' lang='lat' dir='ltr'><strong>nsp.</strong></span> <span class='ocrx_word' id='word_1_334' title='bbox 1237 3788 1271 3797; x_wconf 94' lang='lat'>—</span> <span class='ocrx_word' id='word_1_335' title='bbox 1290 3761 1321 3811; x_wconf 80' lang='lat'><strong>17</strong></span> <span class='ocrx_word' id='word_1_336' title='bbox 1333 3757 1428 3825; x_wconf 88' lang='lat' dir='ltr'><strong>rebus]</strong></span> 
     </span>
     <span class='ocr_line' id='line_1_35' title="bbox 271 3834 1430 3912; baseline 0.003 -16"><span class='ocrx_word' id='word_1_337' title='bbox 271 3834 320 3896; x_wconf 82' lang='lat' dir='ltr'><strong>‘cn</strong></span> <span class='ocrx_word' id='word_1_338' title='bbox 338 3837 459 3897; x_wconf 83' lang='lat' dir='ltr'><strong>verbis?&#39;</strong></span> <span class='ocrx_word' id='word_1_339' title='bbox 478 3840 551 3912; x_wconf 83' lang='lat' dir='ltr'>LSp.</span> <span class='ocrx_word' id='word_1_340' title='bbox 574 3872 607 3881; x_wconf 94' lang='lat'><em>-</em></span> <span class='ocrx_word' id='word_1_341' title='bbox 630 3841 755 3912; x_wconf 82' lang='lat' dir='ltr'><strong>Metella]</strong></span> <span class='ocrx_word' id='word_1_342' title='bbox 773 3842 881 3897; x_wconf 83' lang='lat' dir='ltr'><strong>metelle</strong></span> <span class='ocrx_word' id='word_1_343' title='bbox 897 3841 930 3912; x_wconf 87' lang='lat' dir='ltr'><strong>F,</strong></span> <span class='ocrx_word' id='word_1_344' title='bbox 949 3859 1021 3898; x_wconf 83' lang='lat' dir='ltr'><strong>corr.</strong></span> <span class='ocrx_word' id='word_1_345' title='bbox 1039 3843 1180 3899; x_wconf 81' lang='lat' dir='ltr'><strong>Laetus.</strong></span> <span class='ocrx_word' id='word_1_346' title='bbox 1199 3873 1233 3882; x_wconf 91' lang='lat'>-</span> <span class='ocrx_word' id='word_1_347' title='bbox 1249 3857 1336 3898; x_wconf 86' lang='lat' dir='ltr'><strong>onnus</strong></span> <span class='ocrx_word' id='word_1_348' title='bbox 1354 3858 1430 3899; x_wconf 84' lang='lat' dir='ltr'><strong>enua</strong></span> 
     </span>
     <span class='ocr_line' id='line_1_36' title="bbox 274 3925 1427 3997; baseline 0.003 -16"><span class='ocrx_word' id='word_1_349' title='bbox 274 3925 308 3994; x_wconf 85' lang='lat' dir='ltr'><strong>F,</strong></span> <span class='ocrx_word' id='word_1_350' title='bbox 326 3943 396 3982; x_wconf 78' lang='lat' dir='ltr'><strong>corr.</strong></span> <span class='ocrx_word' id='word_1_351' title='bbox 413 3927 552 3983; x_wconf 83' lang='lat' dir='ltr'><strong>Laetus.</strong></span> <span class='ocrx_word' id='word_1_352' title='bbox 572 3957 606 3966; x_wconf 93' lang='lat'>—</span> <span class='ocrx_word' id='word_1_353' title='bbox 622 3927 769 3983; x_wconf 88' lang='lat' dir='ltr'><strong>nonnullus</strong></span> <span class='ocrx_word' id='word_1_354' title='bbox 788 3927 822 3995; x_wconf 83' lang='lat' dir='ltr'><strong>G,</strong></span> <span class='ocrx_word' id='word_1_355' title='bbox 839 3927 976 3983; x_wconf 90' lang='lat' dir='ltr'><strong>nonnullis</strong></span> <span class='ocrx_word' id='word_1_356' title='bbox 994 3927 1030 3982; x_wconf 88' lang='lat' dir='ltr'><strong>H.</strong></span> <span class='ocrx_word' id='word_1_357' title='bbox 1049 3960 1082 3969; x_wconf 94' lang='lat'><em>-</em></span> <span class='ocrx_word' id='word_1_358' title='bbox 1105 3932 1135 3983; x_wconf 89' lang='lat'><strong>18</strong></span> <span class='ocrx_word' id='word_1_359' title='bbox 1153 3928 1299 3997; x_wconf 81' lang='lat' dir='ltr'><strong>tragoedus</strong></span> <span class='ocrx_word' id='word_1_360' title='bbox 1318 3943 1427 3984; x_wconf 91' lang='lat' dir='ltr'><strong>comoe-</strong></span> 
     </span>
     <span class='ocr_line' id='line_1_37' title="bbox 276 4011 1430 4084; baseline 0.001 -19"><span class='ocrx_word' id='word_1_361' title='bbox 276 4011 336 4079; x_wconf 89' lang='lat' dir='ltr'><strong>dus]</strong></span> <span class='ocrx_word' id='word_1_362' title='bbox 362 4011 482 4070; x_wconf 82' lang='lat' dir='ltr'><strong>Ghrist</strong></span> <span class='ocrx_word' id='word_1_363' title='bbox 502 4011 599 4067; x_wconf 93' lang='lat' dir='ltr'><strong>Philol.</strong></span> <span class='ocrx_word' id='word_1_364' title='bbox 617 4011 711 4082; x_wconf 89' lang='lat' dir='ltr'><strong>XVII,</strong></span> <span class='ocrx_word' id='word_1_365' title='bbox 731 4015 772 4080; x_wconf 87' lang='grc'>61,</span> <span class='ocrx_word' id='word_1_366' title='bbox 796 4012 859 4082; x_wconf 79' lang='lat' dir='ltr'><strong>Lsp</strong></span> <span class='ocrx_word' id='word_1_367' title='bbox 883 4029 910 4082; x_wconf 89' lang='lat' dir='ltr'><strong>p.</strong></span> <span class='ocrx_word' id='word_1_368' title='bbox 929 4017 994 4084; x_wconf 83' lang='lat'><strong>304,</strong></span> <span class='ocrx_word' id='word_1_369' title='bbox 1021 4012 1162 4084; x_wconf 74' lang='lat' dir='ltr'><strong>tragoedia</strong></span> <span class='ocrx_word' id='word_1_370' title='bbox 1189 4012 1311 4068; x_wconf 84' lang='lat' dir='ltr'><strong>comedis</strong></span> <span class='ocrx_word' id='word_1_371' title='bbox 1333 4011 1365 4067; x_wconf 85' lang='lat' dir='ltr'><strong>F.</strong></span> <span class='ocrx_word' id='word_1_372' title='bbox 1394 4042 1430 4054; x_wconf 88' lang='lat'>-</span> 
     </span>
     <span class='ocr_line' id='line_1_38' title="bbox 277 4093 1426 4172; baseline 0.003 -22"><span class='ocrx_word' id='word_1_373' title='bbox 277 4100 308 4150; x_wconf 82' lang='lat'><strong>19</strong></span> <span class='ocrx_word' id='word_1_374' title='bbox 327 4098 464 4155; x_wconf 87' lang='lat' dir='ltr'><strong>corbum.</strong></span> <span class='ocrx_word' id='word_1_375' title='bbox 484 4139 490 4154; x_wconf 92' lang='lat'>.</span> <span class='ocrx_word' id='word_1_376' title='bbox 509 4096 619 4153; x_wconf 84' lang='lat' dir='ltr'><strong>corbam</strong></span> <span class='ocrx_word' id='word_1_377' title='bbox 635 4095 669 4166; x_wconf 86' lang='lat' dir='ltr'><strong>F,</strong></span> <span class='ocrx_word' id='word_1_378' title='bbox 696 4112 768 4151; x_wconf 86' lang='lat' dir='ltr'><strong>corr.</strong></span> <span class='ocrx_word' id='word_1_379' title='bbox 792 4096 908 4152; x_wconf 83' lang='lat' dir='ltr'><strong>Aldus.</strong></span> <span class='ocrx_word' id='word_1_380' title='bbox 931 4093 1030 4172; x_wconf 79' lang='lat' dir='ltr'><strong>‘supra</strong></span> <span class='ocrx_word' id='word_1_381' title='bbox 1048 4097 1113 4155; x_wconf 90' lang='lat' dir='ltr'>VIII</span> <span class='ocrx_word' id='word_1_382' title='bbox 1131 4097 1147 4164; x_wconf 64' lang='grc' dir='ltr'><strong>ξ</strong></span> <span class='ocrx_word' id='word_1_383' title='bbox 1166 4100 1197 4150; x_wconf 79' lang='grc'>41</span> <span class='ocrx_word' id='word_1_384' title='bbox 1217 4112 1313 4152; x_wconf 84' lang='lat' dir='ltr'><strong>ceruus</strong></span> <span class='ocrx_word' id='word_1_385' title='bbox 1331 4093 1426 4154; x_wconf 80' lang='lat' dir='ltr'><strong>cerva&#39;</strong></span> 
     </span>
     <span class='ocr_line' id='line_1_39' title="bbox 276 4179 1428 4250; baseline 0.003 -15"><span class='ocrx_word' id='word_1_386' title='bbox 276 4179 348 4250; x_wconf 83' lang='lat' dir='ltr'><strong>LSp.</strong></span> <span class='ocrx_word' id='word_1_387' title='bbox 367 4213 399 4223; x_wconf 87' lang='lat'>—</span> <span class='ocrx_word' id='word_1_388' title='bbox 418 4187 450 4238; x_wconf 82' lang='lat'><strong>20</strong></span> <span class='ocrx_word' id='word_1_389' title='bbox 468 4199 524 4241; x_wconf 88' lang='lat' dir='ltr'><strong>non</strong></span> <span class='ocrx_word' id='word_1_390' title='bbox 541 4183 606 4250; x_wconf 87' lang='lat' dir='ltr'><strong>dici]</strong></span> <span class='ocrx_word' id='word_1_391' title='bbox 623 4197 679 4239; x_wconf 91' lang='lat' dir='ltr'><strong>non</strong></span> <span class='ocrx_word' id='word_1_392' title='bbox 690 4197 747 4237; x_wconf 91' lang='lat' dir='ltr'><strong>non</strong></span> <span class='ocrx_word' id='word_1_393' title='bbox 759 4180 849 4237; x_wconf 85' lang='lat' dir='ltr'><strong>dieiF</strong></span> <span class='ocrx_word' id='word_1_394' title='bbox 863 4181 987 4249; x_wconf 68' lang='lat' dir='ltr'><strong>(alimum</strong></span> <span class='ocrx_word' id='word_1_395' title='bbox 999 4187 1189 4238; x_wconf 63' lang='lat' dir='ltr'><strong>monoschemo</strong></span> <span class='ocrx_word' id='word_1_396' title='bbox 1202 4196 1291 4246; x_wconf 82' lang='lat' dir='ltr'><strong>versu,</strong></span> <span class='ocrx_word' id='word_1_397' title='bbox 1310 4181 1428 4238; x_wconf 77' lang='lat' dir='ltr'><strong>alterwu</strong></span> 
     </span>
     <span class='ocr_line' id='line_1_40' title="bbox 275 4263 1050 4337; baseline 0.005 -19"><span class='ocrx_word' id='word_1_398' title='bbox 275 4263 309 4320; x_wconf 85' lang='lat' dir='ltr'><strong>ob</strong></span> <span class='ocrx_word' id='word_1_399' title='bbox 327 4265 424 4333; x_wconf 77' lang='lat' dir='ltr'><strong>initio).</strong></span> <span class='ocrx_word' id='word_1_400' title='bbox 442 4298 475 4309; x_wconf 91' lang='lat'>—</span> <span class='ocrx_word' id='word_1_401' title='bbox 493 4272 523 4323; x_wconf 81' lang='lat'><strong>21</strong></span> <span class='ocrx_word' id='word_1_402' title='bbox 542 4271 675 4334; x_wconf 88' lang='lat' dir='ltr'><strong>nostrum]</strong></span> <span class='ocrx_word' id='word_1_403' title='bbox 693 4269 806 4325; x_wconf 86' lang='lat' dir='ltr'><strong>neutros</strong></span> <span class='ocrx_word' id='word_1_404' title='bbox 824 4267 857 4337; x_wconf 87' lang='lat' dir='ltr'><strong>F,</strong></span> <span class='ocrx_word' id='word_1_405' title='bbox 874 4285 945 4326; x_wconf 85' lang='lat' dir='ltr'><strong>corr.</strong></span> <span class='ocrx_word' id='word_1_406' title='bbox 963 4267 1050 4337; x_wconf 78' lang='lat' dir='ltr'><strong>vulg.</strong></span> 
     </span>
    </p>
   </div>
   <div class='ocr_carea' id='block_1_5' title="bbox 0 0 1524 5048">
    <p class='ocr_par' dir='ltr' id='par_1_7' title="bbox 0 0 1524 5048">
     <span class='ocr_line' id='line_1_41' title="bbox 0 0 1524 5048; baseline 0 0"><span class='ocrx_word' id='word_1_407' title='bbox 0 0 1524 5048; x_wconf 95' lang='lat' dir='ltr'><strong> </strong></span> 
     </span>
    </p>
   </div>
  </div>
 </body>
</html>
