3038 5048
517 316 631 372 nunnus
648 318 788 376 snxuus
823 321 839 384 s
858 292 945 373 e-c.'
1256 318 1296 377 75

277 489 396 574 Aiax,
418 490 550 557 lumen
571 491 714 573 iubare
735 491 773 557 in
796 492 911 558 caele
933 492 1076 559 cerno?

148 594 237 661 Inter
251 591 495 678 vesperuginem
517 598 549 659 et
569 592 663 659 iubar
679 592 765 661 dicto
779 595 853 661 Nox
866 594 1072 679 Intempesta,
1093 597 1129 661 ut
1149 593 1184 659 in
1198 593 1297 662 Bruto
1317 596 1337 674 ξ
1359 596 1377 657 ‘l

149 694 255 765 (lossii
276 694 363 778 quod
385 693 462 761 dicit
484 695 645 763 Lucretia:
1304 709 1449 763 (crosno

278 798 403 865 Nocte
422 798 670 883 intempesta
691 802 866 866 nostram
888 798 1055 865 devenit
1076 798 1230 865 demum

118 901 379 985 clntempestam
400 900 513 967 Aelius
535 900 664 968 dicebat
691 920 762 967 cum
792 909 917 986 tempus
945 898 1063 984 agendi
1091 908 1141 968 est
1167 901 1300 984 nullum,

150 1001 239 1088 quod
256 1001 314 1068 alii
329 1000 526 1069 Concubium
547 1003 759 1089 appellarunt,
782 1003 869 1087 quod
890 1022 1000 1070 omnes
1020 1003 1088 1071 fere
1110 1008 1185 1070 tunc
1205 1002 1300 1069 cubo

150 1111 239 1190 rcnt;
267 1103 323 1172 ulii
352 1105 394 1170 ob
417 1124 456 1172 eo
478 1104 564 1186 quod
592 1104 738 1171 sileretur
764 1105 934 1173 Silentium
959 1107 1075 1189 noctis,
1104 1104 1191 1191 quod
1214 1104 1301 1173 idem

150 1208 288 1276 Plautus
309 1212 434 1290 tempus
457 1207 682 1292 conticinium
705 1207 816 1274 scribit
837 1211 937 1275 enim:

278 1307 531 1393 Videbimus,
553 1309 700 1376 factum
722 1311 824 1377 volo.
858 1310 993 1378 redito
1015 1311 1250 1378 conticinio.

100 1421 131 1473 ro
238 1412 328 1479 Alter
348 1417 454 1477 motus
475 1412 553 1478 solis
569 1419 627 1499 est,
650 1387 850 1500 [alteseu'eli]
874 1413 958 1496 quod
981 1418 1125 1481 movetur
1146 1434 1167 1478 a
1189 1414 1302 1481 bruma
1322 1416 1343 1495 ξ
1364 1417 1384 1480 8

152 1513 197 1583 ud
224 1513 404 1580 solstitium.
447 1514 544 1580 Dicte
564 1517 682 1582 Bruma
705 1516 790 1599 quod
819 1515 1027 1583 brevissimus
1047 1521 1122 1582 tunc
1143 1515 1213 1583 dies
1234 1522 1296 1600 est;

154 1615 333 1686 Solstitium
355 1615 441 1703 quod
462 1618 512 1684 sol
526 1639 564 1686 eo
580 1617 633 1686 die
655 1618 767 1686 sistere
789 1616 967 1703 videbatur,
990 1615 1067 1706 [out]
1091 1637 1154 1701 quo
1176 1617 1452 1687 consecuturo

153 1739 282 1788 versum
303 1719 467 1804 proximus
489 1726 546 1786 est.
591 1717 790 1807 solstitium]
814 1743 885 1788 cum
905 1721 992 1788 venit
1012 1721 1046 1788 in
1067 1721 1207 1788 medium
1229 1740 1300 1806 spa·

153 1823 233 1890 tium
254 1820 338 1888 inter
358 1821 502 1888 brumam
524 1829 556 1891 et
577 1822 758 1908 solstitium,
782 1824 868 1906 quod
883 1823 952 1891 dies
966 1843 1088 1906 aequus
1109 1823 1146 1890 fit
1167 1843 1206 1890 ac
1227 1845 1302 1907 nox,

102 1934 132 1986 rs
153 1922 400 2007 Aequinoctium
418 1924 546 1992 dictum.
582 1926 725 2011 Tempus
746 1947 767 1993 a
788 1926 902 1992 bruma
923 1927 967 1994 od
988 1926 1133 1993 brumam
1156 1925 1232 1993 dum
1253 1927 1303 1993 sol

153 2026 255 2111 redit,
277 2033 411 2094 vocatur
431 2028 556 2111 Annus,
580 2027 665 2110 quod
686 2033 721 2093 ut
741 2028 834 2114 parvi
856 2027 965 2095 circuli
986 2028 1099 2112 Anuli,
1126 2029 1173 2096 sic
1195 2029 1303 2112 magni

155 2128 345 2197 dicebantur
372 2128 497 2196 circites
518 2130 596 2213 Ani,
623 2131 709 2199 unde
730 2133 852 2198 Annus.
916 2129 1020 2197 Huius
1049 2130 1201 2215 temporis
1228 2149 1303 2216 pars
1323 2135 1343 2214 ξ
1365 2136 1385 2197 9

155 2232 260 2319 prima
273 2232 394 2316 Hiems,
413 2232 499 2314 quod
513 2238 581 2300 tum
594 2233 686 2301 multi
700 2233 833 2317 imbres3
856 2231 930 2299 hinc
945 2232 1170 2317 Hibernacula,
1187 2231 1300 2299 Hiber·
1310 2250 1340 2301 (r.
1348 2248 1386 2291 1⁹²
1393 2248 1455 2301 scu

155 2355 249 2419 num,
277 2335 331 2401 vel
352 2333 439 2418 quod
460 2341 528 2401 tum
549 2334 657 2401 anima
685 2355 768 2419 quae
795 2334 890 2402 fiatur
914 2334 1055 2401 omnium
1082 2337 1231 2420 apparet,
1259 2334 1302 2400 ab

103 2446 135 2499 20
155 2435 246 2504 hiatu
260 2436 381 2505 Hiems.
414 2438 556 2522 Tempus
571 2437 745 2504 secundum
759 2439 824 2507 Ver
838 2438 926 2522 quod
939 2442 1006 2505 tum
1021 2437 1130 2504 vivere
1148 2435 1304 2520 incipiunt

177 2644 186 2667 ι
244 2591 258 2642 1
275 2586 347 2651 uiax]
371 2586 436 2641 alex
452 2585 561 2642 Habf.
579 2588 653 2658 conf.
671 2588 751 2658 infra
768 2587 829 2656 VH,
846 2592 887 2644 76.
919 2581 968 2642 ‘ccc
986 2580 1089 2643 euuxt'
1114 2588 1184 2657 LSp.
1202 2618 1237 2629 -
1259 2588 1302 2642 iu·

156 2671 349 2743 bore1scnprt,
360 2671 474 2727 iubamc
485 2671 579 2739 libri,
591 2673 647 2726 nisi
656 2672 731 2743 quod
740 2673 960 2744 iuborueMVp,
973 2673 1102 2728 Luctus
1111 2676 1172 2740 (tuo.
1181 2671 1302 2740 Victori.

156 2760 210 2814 inec
226 2759 319 2813 lumen
334 2758 477 2813 iubtrnest
494 2758 566 2827 quod
583 2760 611 2811 ln
628 2758 704 2813 caelo
722 2760 804 2814 cerno
821 2759 979 2814 Ribbeck
996 2775 1020 2812 v.
1040 2761 1089 2812 936
1108 2775 1146 2827 sq.
1173 2789 1199 2800 ·-
1217 2763 1233 2813 2
1248 2775 1304 2814 nox

156 2843 322 2914 intempesta
338 2859 395 2899 nox
412 2843 499 2911 vulg.
517 2859 555 2898 err
563 2844 594 2898 Β.
611 2837 689 2913 ‘fort
702 2859 766 2898 nox.
784 2859 840 2898 nox
856 2835 1113 2915 intempestu'LSp.
1127 2875 1161 2882 -
1177 2843 1302 2908 30ussii]

157 2928 199 2985 sic
214 2928 366 2995 cticmVlI,
385 2931 417 2981 72
434 2927 527 2982 libri.
558 2927 637 2982 Accii
654 2928 853 2998 Victorius,
872 2930 1063 2986 Turnebus.
1089 2929 1199 2985 Cassius
1216 2929 1304 2998 vulg.

157 3031 196 3070 ccc
210 3015 244 3070 Β.
261 3014 340 3084 conf.
358 3013 456 3068 Ribb.
475 3017 511 3069 tr.
529 3013 563 3068 fr.
582 3015 642 3068 Att.
659 3018 748 3083 praet.
768 3019 810 3068 41.
827 3045 862 3054 -
888 3016 998 3072 dicebat
1014 3015 1059 3083 M,
1076 3014 1205 3070 Laetus
1223 3019 1305 3081 (tacet

164 3099 242 3166 Vter.)
260 3129 294 3140 -
318 3103 433 3168 bquom
450 3099 484 3153 H.
504 3129 537 3137 —
562 3104 578 3153 6
595 3100 643 3154 ulii
660 3100 690 3153 in
708 3100 870 3155 concubium
887 3100 986 3170 libri,
1012 3117 1085 3155 corr.
1103 3101 1241 3156 Laetus.
1269 3131 1304 3140 —

158 3200 251 3241 omnes
262 3183 329 3248 fere]
342 3183 525 3248 Victorius
538 3201 575 3240 ere
588 3185 621 3253 F,
639 3184 696 3240 fere
713 3201 805 3241 omnes
825 3187 945 3242 ceteri.
957 3217 991 3227 -
1004 3186 1154 3250 8Pluutus]
1164 3184 1241 3239 Asin.
1254 3185 1304 3253 III,

159 3274 184 3339 3,
194 3273 236 3324 95.
254 3300 288 3309 -
305 3268 502 3324 conticinnium
519 3269 539 3338 f,
557 3271 621 3325 item
638 3271 717 3342 infru
736 3272 910 3328 conticinnio.
925 3303 958 3311 -
970 3277 986 3326 9
996 3272 1120 3327 uidemus
1130 3271 1199 3339 ΜΒ,
1216 3270 1302 3325 Loe-

159 3358 224 3411 tus.
242 3385 276 3394 —
292 3354 390 3418 redito]
408 3355 419 3408 i
436 3355 524 3410 redito
542 3356 629 3426 vulg.
648 3357 727 3427 infru
744 3357 797 3413 VII
815 3360 832 3425 ξ
849 3363 882 3413 79
899 3359 923 3412 F
941 3357 1022 3414 babet
1039 3359 1076 3412 ud
1093 3356 1225 3424 reditum,
1242 3355 1261 3408 i.
1279 3371 1303 3409 c.

159 3439 266 3496 uctredi
283 3443 356 3508 tum3
373 3439 402 3492 in
420 3438 515 3494 Plauti
533 3440 611 3494 libris
628 3448 671 3497 cst
686 3443 774 3497 redito
792 3445 898 3497 huc—
909 3448 940 3498 10
950 3445 1021 3500 ulter
1033 3443 1103 3498 caeli
1115 3458 1166 3496 om.
1186 3438 1303 3509 Sciop-

159 3525 252 3596 pius,
274 3523 355 3579 ulitsr
372 3540 405 3579 ac
424 3524 493 3579 caeli
510 3525 646 3581 Muller.
665 3557 698 3565 —
717 3527 797 3597 quod]
821 3524 898 3599 ‘fort
919 3523 984 3597 quo'
1004 3527 1075 3597 LSp.
1093 3558 1127 3567 —
1148 3531 1179 3583 12
1196 3526 1305 3581 videtur

160 3609 309 3677 Laetus,
326 3609 451 3665 videatur
468 3610 556 3679 vulg.
573 3641 608 3650 -
633 3617 696 3680 quo]
713 3612 828 3683 scripsi,
854 3615 903 3667 aut
920 3613 993 3682 quod
1011 3613 1098 3669 libri
1116 3612 1167 3679 (vel
1185 3612 1257 3681 quod
1274 3614 1303 3680 p)

160 3695 195 3751 dc
211 3694 262 3751 det
280 3698 329 3750 aut
345 3694 401 3748 iam
412 3694 537 3749 Miller
548 3696 725 3765 copitcvcrct.
743 3728 777 3737 -
794 3698 838 3761 ad]
853 3697 893 3752 sol
905 3697 1090 3753 adLaetus.
1109 3728 1142 3737 -
1162 3701 1193 3752 13
1211 3697 1304 3764 proxi·

159 3797 220 3837 mus
238 3784 289 3835 est.
308 3778 358 3847 sol]
383 3778 426 3833 ccl
446 3778 586 3847 proximus
604 3785 647 3837 est
665 3781 724 3846 (dcl.
744 3782 900 3848 solstitium)
917 3784 998 3839 scrib.
1016 3782 1067 3838 oid.
1086 3782 1154 3837 duco
1171 3781 1233 3851 LSp
1256 3783 1304 3853 qui

156 3859 236 3937 ‘fort
254 3863 394 3934 proximus
416 3867 460 3919 est
483 3864 537 3932 sol,
563 3858 725 3921 solstitium'
752 3867 905 3936 proximum
923 3872 966 3924 est
983 3867 1129 3923 solstitium
1150 3867 1245 3922 libri.
1270 3899 1304 3907 —

161 3967 242 4022 quom
258 3949 292 4004 Η.
316 3979 350 3988 -
375 3954 405 4005 17
425 3949 492 4004 circi
506 3951 510 4017 Ι
525 3950 572 4004 sni
594 3951 706 4015 (scilicet
728 3953 843 4007 alterum
860 3952 910 4007 rub
926 3954 1017 4022 finem,
1040 3952 1155 4006 alterum
1172 3953 1208 4008 ab
1225 3953 1304 4009 initio

161 4040 264 4101 versus)
282 4053 310 4104 p,
333 4034 514 4103 Augustin.
532 4051 634 4105 marg„
656 4035 766 4092 circites
783 4037 855 4092 dclct
877 4037 1040 4106 Scaliger.
1072 4031 1122 4092 ‘cn
1140 4031 1303 4093 circuitusi'

160 4121 233 4191 LSp.
242 4152 276 4160 —
284 4119 407 4175 Isidorus
418 4120 454 4174 de
465 4123 523 4175 nat.
535 4136 627 4175 rerum
638 4125 698 4189 6,2:
716 4138 818 4178 annum
835 4126 927 4180 sutem
939 4123 1017 4192 queri
1034 4139 1118 4178 snum
1129 4121 1184 4177 dici
1196 4122 1305 4192 quidem

161 4208 269 4276 putent,
288 4205 319 4260 id
336 4208 379 4261 est
395 4205 537 4275 circulum,
553 4205 626 4262 unde
643 4207 672 4260 et
688 4207 764 4263 anuli
781 4209 849 4265 dicti
866 4212 931 4264 sunt
947 4206 1114 4264 diminutive.
1133 4237 1166 4246 -
1186 4212 1217 4263 19
1235 4224 1305 4278 quse

162 4288 272 4346 effletur
290 4289 416 4346 Christ.
