3038 5048
255 272 293 331 1o
575 270 690 327 urens
708 271 874 341 omurns.
910 273 927 340 s
945 275 1054 327 22-24.

247 443 409 528 circuitus;
432 443 474 510 ab
495 462 597 526 eoque
619 442 787 511 duodecim
802 444 998 511 Tabularum
1018 443 1207 528 interpretes
1226 459 1395 516 AMBITUS

246 560 417 616 PARIETIS
444 545 608 612 circuitum
637 564 709 612 esse
736 544 928 613 describunt.
972 546 1072 626 Igitur
1093 552 1161 613 tere
1182 552 1268 614 terra
1293 553 1327 613 et
1348 548 1393 614 ab

246 669 285 716 eo
313 654 428 733 poetae
455 647 658 732 appellarunt
684 666 808 714 summa
834 653 938 714 terrae
966 667 1048 728 quae
1075 647 1145 714 sols
1166 647 1227 714 teri
1248 653 1394 732 possunt,

141 755 161 833 ξ
184 755 223 818 23
247 751 325 818 Sola
347 755 460 816 terrae.
504 750 604 815 Terra
625 754 660 813 ut
681 753 793 833 putant
814 747 929 816 eadem
951 753 983 813 et
1004 748 1140 833 Humus;
1163 748 1237 817 ideo
1252 749 1393 816 Ennium

246 852 280 918 in
302 856 418 918 terram
441 850 584 917 cadentis
606 849 724 917 dicere:
1418 865 1435 915 s

375 951 519 1020 cubitis
540 950 744 1036 pinsibsnt
765 951 930 1036 humum,

94 1075 125 1125 n.
135 1074 160 1116 ee
174 1072 232 1126 set
248 1053 304 1140 [et]
328 1053 413 1139 quod
436 1061 520 1121 terra
534 1053 576 1118 sit
590 1053 714 1119 humus.
757 1053 831 1120 ideo
849 1053 877 1119 is
892 1054 1048 1119 Humatus
1063 1057 1213 1137 mortuus,
1236 1054 1291 1137 qui
1305 1060 1395 1120 terra

247 1157 392 1240 obrutus;
415 1156 458 1221 ab
480 1175 518 1222 eo
541 1155 595 1238 qui
615 1154 776 1222 Romanus
802 1155 984 1222 combustus
1005 1162 1063 1238 est,
1086 1153 1136 1240 [si]
1158 1156 1191 1222 in
1210 1154 1395 1239 sepulcrum

246 1258 314 1327 eius
336 1259 462 1325 abiecta
483 1258 580 1343 gleba
601 1276 666 1323 non
688 1262 737 1323 est
765 1264 820 1323 sut
841 1257 869 1321 si
892 1277 927 1323 os
950 1264 1118 1342 exceptum
1141 1262 1189 1324 est
1210 1256 1326 1323 mortui
1348 1256 1395 1322 ad

245 1359 399 1426 familiam
421 1359 630 1444 purgandum,
652 1355 755 1424 donec
774 1359 806 1423 in
821 1358 986 1444 purgando
1003 1358 1100 1425 humo
1116 1366 1165 1426 est
1182 1364 1335 1443 opertum,
1357 1364 1396 1427 ut
1419 1372 1450 1424 10

249 1460 416 1547 pontifices
430 1461 548 1543 dicunt,
572 1459 657 1541 quod
679 1458 862 1526 inhumatus
877 1462 928 1543 sit,
950 1460 1072 1526 familis
1086 1461 1213 1527 funeste
1227 1468 1336 1528 manet
1359 1467 1394 1528 et

98 1583 162 1634 (uro
176 1581 234 1634 sps)
248 1562 372 1630 dicitur.
416 1561 583 1644 Humilior,
607 1561 660 1643 qui
683 1561 726 1628 ad
748 1560 878 1627 humum
899 1560 1082 1646 demissior,
1104 1561 1231 1628 infimus
1252 1562 1392 1629 humilli-

140 1672 161 1751 ἓ
183 1672 224 1732 24
246 1685 326 1748 mus,
350 1663 435 1746 quod
449 1664 483 1728 in
503 1662 620 1729 mundo
635 1662 745 1731 infima
762 1662 886 1729 humus.
930 1661 1053 1729 Humor
1074 1663 1157 1730 binc.
1183 1663 1294 1746 itaque
1315 1664 1392 1732 ideo

247 1766 399 1833 Lucilius:

245 1935 288 1989 vel
303 1933 451 2005 genuinum
474 1932 517 1988 cel
534 1935 577 1987 'ex
598 1931 761 2004 glossemate
784 1936 878 1986 nalum
900 1932 1057 2004 suspicatur
1076 1933 1192 1989 Groth.
1229 1950 1280 2006 eqo
1293 1937 1393 2007 potius

246 2020 387 2076 librarium
416 2016 533 2073 ambitus
562 2017 661 2073 teritur
689 2017 856 2088 scepturum
882 2017 971 2087 fuisse
994 2018 1159 2087 putaverim.
1188 2047 1223 2058 -
1254 2024 1266 2074 1
1295 2027 1391 2088 coque]

245 2121 277 2160 ec
295 2104 367 2174 quod
384 2103 434 2173 Vp
452 2103 592 2169 Laetus,
622 2117 654 2157 eo
677 2101 785 2171 quidem
803 2103 836 2158 G.
862 2134 897 2143 -
926 2100 1056 2157 ambitum
1073 2101 1207 2158 Laetus.
1235 2134 1269 2143 -
1298 2110 1393 2161 ltere

245 2194 321 2245 terra
337 2204 408 2243 corr.
418 2204 456 2243 ex
472 2191 548 2243 terra
564 2190 639 2242 terre
656 2193 687 2241 ut
698 2187 752 2241 oid.
763 2187 786 2240 F
797 2187 912 2255 (Groth).
922 2217 957 2226 -
975 2191 990 2240 6
1008 2187 1156 2255 pinsibnnt]
1172 2188 1321 2256 pinsubunt
1332 2190 1392 2260 Gp,

244 2274 391 2344 pinsebant
408 2273 601 2329 Turnebus.
629 2272 668 2341 cf.
687 2271 801 2340 Bergk
812 2273 910 2327 Philcl.
920 2275 962 2340 33,
972 2275 1037 2339 2933
1055 2272 1127 2326 Mus.
1137 2272 1225 2327 Rheu.
1236 2276 1346 2342 29,·242.
1357 2307 1393 2316 —

245 2367 259 2414 1
279 2363 314 2425 st]
332 2358 418 2414 delevi
429 2363 456 2412 et
468 2357 631 2428 interpunccc'
644 2358 834 2428 posthumus.
853 2389 886 2397 -
904 2357 948 2422 sit]
965 2353 1045 2425 ‘fort
1058 2353 1110 2411 est'
1122 2357 1193 2427 LSp,
1211 2362 1238 2414 st
1254 2359 1394 2429 Madvig

247 2443 392 2515 Opusc.ll,
402 2447 460 2498 222.
470 2473 503 2482 -
522 2443 670 2506 Sobrutus]
680 2442 717 2498 sit
726 2443 838 2497 obrutus
848 2441 983 2496 Laetus.
993 2472 1022 2480 -
1035 2442 1090 2511 qui]
1105 2442 1203 2510 libri,
1223 2444 1392 2510 quodLse·

245 2534 315 2598 tus,
343 2545 422 2597 quom
440 2527 573 2581 Muller.
592 2557 625 2566 -
648 2526 727 2591 siin]
746 2527 944 2595 Turnebus,
968 2526 998 2580 iu
1015 2526 1109 2581 libri.
1146 2527 1170 2581 si
1188 2527 1235 2596 qui
1252 2528 1394 2584 Romanus

245 2614 403 2670 combustus
422 2616 450 2666 et
471 2611 500 2665 in
519 2610 635 2666 (iroth.
654 2642 689 2650 —
707 2612 881 2680 sepulchrum
898 2611 930 2664 F.
958 2612 996 2681 cs.
1016 2613 1094 2680 Aug.
1113 2611 1241 2667 Muller
1256 2630 1284 2683 p.
1305 2616 1346 2668 16.
1359 2643 1395 2654 —

247 2703 262 2753 9
280 2701 424 2767 exceptum
434 2712 490 2751 non
502 2700 544 2751 est
556 2696 772 2752 Vertranius.
790 2726 825 2737 —
838 2702 869 2751 10
886 2699 1089 2766 expurgandam
1100 2697 1238 2752 Laetus.
1254 2727 1284 2737 -
1297 2699 1392 2769 humo]

180 2800 182 2805 ’
245 2782 368 2850 Aldus,
391 2782 473 2836 humo
495 2796 550 2835 non
569 2781 601 2848 B,
622 2783 731 2850 vulg,
750 2784 830 2836 bomo
854 2782 943 2837 libri.
979 2784 1056 2853 conf.
1080 2782 1310 2837 Buchelersd
1335 2784 1393 2839 (lic.

246 2882 296 2936 pro
318 2866 400 2920 Rosc.
422 2881 450 2934 p.
477 2868 585 2919 182—5.
604 2895 638 2903 —
656 2869 781 2936 opertum
798 2865 884 2934 FVc,
907 2871 1002 2936 optum
1018 2884 1047 2937 p,
1069 2870 1198 2936 operatus
1216 2867 1254 2934 M,
1279 2872 1393 2938 opertus

249 2951 332 3006 GHa
350 2951 491 3015 Laetus,
519 2949 638 3018 optimus
659 2952 686 3006 b.
713 2981 747 2990 —
774 2955 805 3005 11
824 2951 906 3020 quod]
935 2951 1026 3019 quood
1052 2951 1314 3008 Rholandellus.
1351 2955 1409 3024 cf.=

249 3035 400 3090 Kettner
414 3051 441 3103 p.
460 3039 500 3103 11,
518 3034 640 3089 Reiter
657 3039 761 3103 quaest.
777 3054 804 3106 p.
818 3039 860 3090 53.
879 3067 912 3074 —
930 3036 976 3100 sit]
992 3031 1068 3104 ‘fort
1088 3031 1142 3090 est‘
1158 3036 1230 3105 Lsp.
1249 3068 1282 3077 -
1301 3042 1333 3092 12
1350 3039 1394 3093 in-

249 3121 389 3190 terposui.
399 3125 467 3189 post
491 3119 592 3174 dicitur
613 3119 679 3186 (scil.
707 3118 833 3185 funesta).
861 3120 915 3174 sic:
939 3124 1040 3176 menet.
1082 3120 1121 3174 Et
1142 3120 1243 3176 dicitur
1264 3121 1394 3179 humilior

248 3205 384 3272 Mltller,
402 3208 494 3259 menet
511 3208 539 3258 et
556 3203 657 3259 dicitur
674 3203 814 3273 humilior,
838 3206 911 3273 quod
928 3206 964 3260 sd
980 3208 1092 3260 humum
1109 3206 1251 3261 demissior
1267 3206 1340 3278 LSp.
1357 3239 1395 3271 -,

248 3292 304 3361 qui]
321 3289 421 3361 scripsi
439 3304 500 3343 oum
517 3287 680 3357 Mltllero,
698 3306 768 3358 quse
785 3289 879 3345 libri.
897 3320 930 3329 -
948 3292 1079 3357 humumll
1093 3290 1244 3356 demissior]
1257 3290 1393 3362 foliorum

250 3377 435 3432 traiectionem
447 3373 558 3444 primus
569 3375 719 3445 perspexit
734 3375 972 3430 Buchsnenus·
985 3374 1063 3445 opud
1078 3372 1298 3446 Turneb'um,
1314 3379 1393 3432 restiss

250 3463 302 3516 tuit
319 3460 452 3515 Mbller.
488 3461 516 3513 in
534 3458 610 3514 libris
627 3458 930 3530 baeoconiunpuntur:
955 3459 1079 3529 qusesd
1100 3462 1213 3515 humum
1225 3462 1234 3530 ΙΙ
1247 3466 1279 3517 ut
1296 3462 1393 3518 Sabini

249 3551 278 3602 ct
294 3545 402 3602 Lucani
420 3585 426 3598 .
446 3584 453 3597 .
473 3585 480 3598 .
499 3546 607 3612 septem
619 3544 751 3599 montium
764 3545 774 3613 ΙΙ
786 3544 927 3599 demissior
943 3543 1053 3599 infimus
1072 3586 1078 3598 .
1099 3585 1105 3598 .
1125 3586 1131 3598 .
1150 3546 1187 3600 sb
1204 3545 1380 3616 hominibusi!

248 3630 417 3687 nominatum
429 3630 473 3684 sb.
487 3669 493 3681 .
518 3628 571 3683 vid.
585 3629 601 3696 ᾗ
615 3633 655 3682 40.
682 3628 759 3697 conf.
772 3628 833 3698 LSp
851 3628 965 3684 Emend.
979 3629 1058 3684 Varr.
1072 3645 1111 3698 sp.
1124 3646 1151 3699 p.
1166 3637 1206 3685 11.
1224 3661 1258 3672 -
1274 3626 1392 3688 ‘infimus

248 3715 413 3771 humillimus
436 3713 589 3778 abundant,
611 3714 666 3767 nisi
685 3712 825 3767 addideris
845 3713 909 3768 inde
931 3714 975 3770 vel
993 3710 1076 3770 unds'
1097 3715 1168 3784 LSp.
1187 3746 1221 3755 -
1241 3721 1270 3773 13
1289 3716 1391 3784 infima]
1467 3729 1470 3736 ·

248 3802 350 3855 rectius
370 3799 505 3866 infimum,
530 3814 694 3868 quamquam
717 3797 805 3853 Vsrro
830 3814 875 3867 ep.
898 3800 1014 3867 August.
1039 3800 1073 3855 ds
1091 3817 1114 3856 c.
1134 3802 1160 3854 d.
1179 3801 1239 3869 VII,
1259 3806 1274 3856 6
1298 3805 1393 3858 sother

248 3900 380 3952 summus,
406 3888 465 3937 tum
488 3899 548 3950 ser,
577 3883 706 3953 deinceps
730 3899 814 3951 equa,
845 3883 939 3938 infima
960 3885 1066 3940 humus.
1101 3881 1179 3956 ‘fort
1214 3886 1293 3954 Quod
1310 3888 1339 3943 in
1355 3904 1391 3943 m.

248 3968 341 4023 infime
359 3971 467 4038 humus,
484 3970 589 4024 humor.
624 3967 689 4022 hinc
700 3967 792 4036 itaque
804 3969 839 4022 de
850 3961 897 4023 eo'
910 3969 980 4038 LSp.
1007 3986 1074 4025 sanc
1089 3969 1204 4040 offendit
1215 3971 1309 4042 itaque
1320 3973 1392 4043 ideo,

248 4067 304 4106 noo
319 4052 406 4121 focile
423 4059 585 4108 excusatum
602 4052 644 4107 dis
661 4052 847 4123 exemptione
864 4054 933 4124 ipsis
950 4053 1058 4125 quidem
1075 4055 1156 4109 certis
1174 4054 1190 4122 5
1211 4058 1241 4108 12
1259 4073 1343 4126 quare
1360 4057 1393 4114 fit

248 4139 280 4190 ut
296 4135 367 4204 ideo,
385 4139 402 4205 ξ
416 4140 449 4190 66
460 4139 553 4206 itaque
570 4137 644 4207 inde,
661 4138 728 4206 vls
741 4141 773 4192 58
791 4138 826 4191 sb
843 4154 875 4192 eo
887 4139 988 4208 itaque.
1025 4139 1143 4194 condedas
1155 4140 1252 4195 humor
1264 4143 1328 4198 hinc
1341 4143 1395 4209 (uel

243 4220 342 4291 potius
358 4221 425 4278 hinc
441 4223 546 4290 humor)
564 4226 593 4279 et
609 4238 689 4292 equs,
707 4223 769 4278 ideo
786 4223 829 4277 vel
846 4223 890 4286 [sb
907 4225 999 4287 humo]
1016 4224 1122 4290 humor,
1139 4221 1203 4278 hinc
1216 4239 1301 4296 equs,
1319 4227 1392 4284 ideo.
