3060 5048
469 318 584 374 LIBER
601 318 731 378 NONUS.
768 321 914 386 §sc—57.
1205 321 1266 382 213

120 490 220 558 filiam
241 512 305 558 non
327 496 401 574 apto
423 489 562 557 discerni
586 510 706 558 marem
728 510 766 556 ac
789 491 949 577 feminam,
973 496 1008 559 ut
1030 493 1213 560 Terentium
1236 501 1268 560 et

120 593 323 677 Terentiam,
358 598 466 659 eontra
496 591 628 660 deorum
656 592 776 659 liberos
804 599 836 660 et
864 613 1028 662 servorum
1057 614 1121 660 non
1146 594 1267 679 itidem,

120 701 155 761 ut
187 695 275 761 Iovis
308 694 410 761 filium
445 701 477 761 et
509 693 626 779 filiam,
664 692 792 761 *lovem
825 695 935 762 Iovem
964 701 997 762 et
1025 695 1153 781 Iovam;
1190 697 1268 763 item

120 815 272 878 magnum
301 817 465 864 numerum
492 796 721 864 vocabulorum
751 796 785 863 in
811 797 875 864 hoc
903 817 1019 881 genere
1046 818 1109 864 non
1139 818 1294 873 servare,

82 899 296 984 canalogias.
355 896 408 963 Ad
437 898 518 966 haec
547 896 682 964 dicimus
710 897 812 966 omnis
842 898 1011 983 orationis,
1046 900 1192 983 quamvis
1217 921 1269 967 res
1290 903 1310 982 ξ
1334 905 1373 966 66

119 1009 253 1068 naturae
276 1000 394 1084 subsit,
424 1007 532 1080 tamen
554 999 583 1066 si
605 1018 644 1066 ea
666 999 699 1066 in
720 1019 813 1067 usum
834 1021 898 1069 non
919 1001 1118 1087 pervenerit,
1144 1023 1182 1071 eo
1204 1023 1267 1069 non
1276 986 1306 1036 ‘P‘
1315 985 1353 1027 ⁴⁹⁷
1362 983 1422 1037 ⁵⁹⁸¹)

119 1103 288 1188 pervenire
309 1103 424 1186 rerba;
457 1101 531 1169 ideo
554 1103 664 1184 Equus
693 1100 808 1169 dicitur
835 1108 867 1170 et
894 1104 998 1188 Eque,
1033 1105 1066 1171 in
1096 1124 1155 1171 usu
1184 1103 1268 1170 enim

120 1205 232 1272 horum
255 1203 455 1287 discrimina3
489 1202 611 1271 Corvus
634 1208 666 1270 et
688 1202 793 1271 Oorua
814 1225 894 1288 non,
929 1204 1017 1288 quod
1045 1206 1114 1273 sine
1142 1225 1200 1272 usu
1223 1205 1268 1290 id,

120 1305 206 1390 quod
222 1305 385 1373 dissimilis
400 1312 543 1372 naturae.
589 1306 704 1387 Itaque
719 1304 879 1387 quaedam
894 1306 988 1374 aliter
1007 1306 1085 1375 olim
1108 1327 1146 1374 ac
1167 1327 1268 1392 nunc,

68 1420 98 1472 11
120 1428 194 1475 nam
217 1412 249 1475 et
271 1414 337 1476 tum
367 1427 477 1475 omnes
506 1426 610 1473 mares
640 1413 672 1473 et
700 1407 838 1476 feminae
866 1407 1054 1477 dicebantur
1082 1409 1268 1493 Columbae,

120 1509 205 1593 quod
234 1530 297 1576 non
328 1514 419 1576 erant
445 1507 479 1573 in
509 1528 547 1575 eo
583 1527 642 1574 usu
671 1508 847 1577 domestico
878 1529 941 1592 quo
971 1531 1071 1595 nunc,
1104 1508 1148 1597 [et
1174 1508 1265 1596 onoc]

119 1619 237 1695 contra,
259 1616 391 1697 propter
405 1609 596 1677 domesticos
618 1628 694 1676 usus
717 1611 802 1693 quod
824 1612 1063 1697 intemovimus,
1085 1613 1267 1699 appellatur

119 1734 188 1781 mas
215 1713 405 1794 Columbns,
440 1709 561 1777 femina
583 1710 749 1778 Columba.
808 1715 931 1781 Natura
960 1733 1032 1781 eum
1059 1715 1122 1781 tria
1150 1735 1269 1798 genera
1290 1717 1310 1797 ξ
1332 1718 1372 1779 57

118 1817 231 1882 transit
253 1820 285 1880 et
306 1814 341 1879 id
364 1813 467 1881 estin
490 1831 550 1878 usu
573 1811 838 1889 discriminassem,
871 1820 939 1881 turn
962 1815 1100 1899 denique
1121 1823 1422 1902 apparatumsunt

68 1929 96 1981 15
118 1923 152 1984 ut
175 1923 225 1984 est
246 1916 280 1981 in
301 1917 424 1983 Doctus
447 1919 479 1981 et
501 1915 607 1980 Docta
629 1920 661 1981 et
675 1916 826 1999 Doctum,
852 1915 996 1983 doctrina
1019 1919 1103 1984 enim
1125 1939 1183 2004 per
1205 1919 1267 1986 tria

117 2019 200 2086 haec
222 2015 357 2084 transire
378 2020 486 2102 potest
508 2019 540 2083 et
562 2033 637 2082 usus
660 2015 767 2082 docuit
793 2014 1013 2086 discriminare
1043 2019 1170 2088 doctam
1199 2041 1267 2088 rem

118 2120 160 2186 ab
188 2117 371 2186 hominibus
400 2118 493 2185 etin
521 2117 571 2183 his
604 2137 724 2185 marem
759 2138 797 2184 ao
833 2118 994 2185 feminam.
1052 2122 1089 2187 In
1118 2142 1207 2190 mare
1235 2128 1267 2191 et

117 2221 237 2288 femina
259 2225 291 2288 et
312 2225 423 2287 neutro
451 2232 555 2302 neque
583 2224 697 2286 natura
724 2219 821 2286 maris
850 2220 964 2286 transit
996 2240 1099 2303 neque
1127 2223 1265 2292 feminae

117 2342 222 2406 neque
243 2327 365 2406 neutra,
389 2328 421 2389 et
442 2320 517 2388 ideo
539 2342 603 2388 non
626 2320 741 2389 dicitur
755 2321 908 2389 Feminus
930 2322 1065 2390 Femina
1086 2323 1263 2406 Feminam,

69 2437 98 2487 no
119 2422 166 2492 sic
187 2424 326 2507 reliqna;
348 2423 458 2507 itaque
480 2423 694 2510 singularibus
716 2444 755 2490 ac
776 2425 908 2492 secretis
922 2424 1088 2492 vocabulis
1107 2424 1263 2511 appellati

202 2625 234 2679 F.
253 2625 300 2681 fol.
320 2628 353 2678 26
370 2625 411 2681 sic
427 2625 533 2695 reliqua
551 2663 558 2678 .
578 2664 585 2679 .
605 2626 773 2681 consuetudo

188 2834 199 2882 1
219 2832 285 2898 apta
302 2828 334 2882 F.
354 2843 426 2883 corr.
444 2828 531 2897 vulg.
551 2844 590 2884 ca
607 2829 638 2883 B.
657 2859 689 2868 -
709 2832 741 2885 ut
757 2830 903 2886 terentium
920 2832 948 2886 et
965 2828 1112 2886 terentium
1129 2834 1157 2885 et
1174 2833 1266 2886 teren-

117 2911 184 2968 tiam
201 2913 234 2967 F.
252 2945 287 2952 -
304 2917 319 2967 2
337 2913 440 2979 itidem]
459 2913 609 2982 Veneta,
626 2913 727 2970 ididem
745 2914 778 2969 F.
801 2916 872 2986 sort.
890 2914 964 2970 item.
985 2945 1017 2954 —
1035 2919 1050 2968 3
1068 2915 1157 2970 iouem
1175 2915 1265 2971 ionem

118 3001 146 3053 et
161 2996 254 3074 ionum
271 2997 295 3052 F
312 2998 351 3066 M,
378 2999 523 3067 Laetus,
545 3014 606 3054 ⁴non
622 3000 713 3057 Iouem
730 3003 760 3055 et
775 3000 868 3055 Iouam
885 3000 970 3070 vulg.
994 2996 1071 3070 ‘sort
1089 3017 1145 3057 non
1161 3000 1266 3058 Iorium

118 3086 146 3138 et
168 3077 280 3140 Iouiam’
310 3082 380 3154 LSp.
409 3083 443 3140 de
466 3100 545 3140 servo
569 3083 625 3138 dici
648 3084 737 3155 moqr's
759 3092 903 3157 exspectes
928 3085 1000 3140 velut
1025 3086 1099 3142 lonis
1125 3086 1211 3141 filium
1239 3090 1267 3142 et

117 3166 210 3236 filiam,
228 3168 266 3237 cf.
285 3167 359 3237 VIII,
378 3172 420 3223 21.
447 3200 480 3209 -
508 3174 523 3224 5
542 3170 594 3224 hec
612 3169 645 3226 F.
668 3200 704 3212 -
728 3174 743 3224 6
760 3169 791 3223 in
808 3185 860 3225 usu
876 3171 910 3238 F,
928 3184 1001 3224 corr.
1019 3170 1107 3242 vulg.
1126 3188 1165 3228 ca
1182 3173 1213 3227 Β.
1232 3202 1266 3210 -

117 3256 132 3304 7
152 3267 236 3321 equus
254 3268 327 3308 corr.
351 3255 484 3323 exequie
501 3254 533 3309 F.
553 3286 586 3295 -
605 3258 620 3310 8
638 3255 795 3311 discrimino
812 3255 846 3323 F,
863 3255 1011 3311 discrimen
1027 3257 1066 3326 p¹,
1085 3273 1156 3311 corr.
1174 3257 1264 3325 vulg.

117 3365 150 3375 —
177 3340 311 3392 9natura
328 3336 361 3406 F,
387 3353 458 3393 corr.
477 3339 695 3396 Vertranius.
722 3370 757 3380 -
782 3340 854 3396 alter
877 3339 949 3395 FM.
978 3371 1012 3381 —
1037 3346 1080 3406 ec]
1103 3345 1134 3397 at
1151 3340 1210 3408 Ga,
1237 3344 1266 3396 et

117 3419 201 3488 vulg.
220 3437 259 3476 ecc
275 3421 307 3475 B.
325 3451 360 3460 —
386 3427 417 3477 10
435 3425 471 3487 11]
490 3424 572 3479 etiam
589 3424 624 3478 H.
642 3421 681 3481 ‘et
692 3425 862 3498 particulam
880 3441 936 3480 ooo
955 3431 1009 3480 tam
1027 3429 1165 3480 arctatum
1183 3441 1265 3494 qoam

115 3503 201 3575 paulo
219 3504 297 3573 infra
314 3508 378 3559 arcte
393 3521 483 3562 mares
499 3505 655 3578 exspectes’
676 3509 792 3566 (iroth.
811 3509 882 3564 idem
898 3509 1028 3565 1111110.
1043 3509 1267 3565 F.W.Mnller

116 3604 144 3659 p.
164 3592 222 3643 793.
241 3603 305 3643 nam
322 3592 351 3645 et
367 3606 419 3646 om.
437 3591 470 3645 Β.
488 3622 522 3631 -
540 3592 670 3649 dicebant
687 3594 730 3663 M,
748 3594 906 3650 dicerentur
922 3595 1065 3663 Laetus,
1085 3595 1116 3649 Β.
1136 3626 1167 3634 -
1189 3598 1218 3649 11
1238 3598 1267 3650 et

116 3677 199 3738 nunc]
219 3672 283 3728 add.
301 3672 372 3744 LSp.
391 3675 488 3731 melius
503 3676 573 3747 fort.
592 3682 619 3733 ct
635 3676 687 3734 boc
705 3678 764 3735 loco
782 3685 810 3735 ct
826 3695 913 3751 supro
925 3684 994 3750 port
1009 3694 1073 3734 nam
1090 3679 1161 3734 obsit
1178 3681 1214 3734 ot.
1232 3709 1267 3719 -

119 3763 151 3813 14
168 3758 197 3813 id
222 3763 273 3824 est]
297 3760 327 3814 id
350 3767 365 3815 e
387 3760 421 3829 V,
444 3760 517 3816 idem
541 3764 583 3817 est
605 3761 871 3821 Rholandellus.
900 3761 978 3835 ‘fort
1000 3764 1080 3833 item,
1106 3763 1156 3819 sed
1177 3763 1265 3819 deleto

118 3843 276 3901 discrimina
290 3846 409 3917 probum
427 3839 481 3901 ert'
499 3845 571 3917 Lep.
590 3877 624 3888 -
641 3848 858 3906 discriminatum
875 3853 942 3914 tum]
960 3848 1080 3905 Reiter
1096 3865 1123 3918 p.
1143 3851 1183 3916 86,
1208 3847 1264 3904 dis·

119 3929 233 3986 crimina
249 3933 338 3987 totum
355 3929 388 3999 F,
407 3929 596 3987 discriminare
613 3935 701 3990 totum
718 3934 842 4003 Aldus,
860 3933 1048 3990 discriminare
1065 3938 1123 3989 tum
1136 3934 1165 3989 c.
1176 3932 1208 3990 F.
1218 3933 1263 3989 W.

118 4013 253 4072 Mulier.
271 4047 304 4056 -
324 4020 355 4072 15
373 4016 482 4082 doetus]
500 4016 582 4074 docto
599 4017 632 4087 F,
651 4035 721 4074 corr.
739 4019 825 4089 vulg.
843 4035 881 4074 es
896 4018 930 4072 B.
948 4049 982 4058 -
1001 4022 1033 4072 16
1051 4019 1147 4074 doctas
1164 4033 1209 4073 res
1225 4017 1265 4087 M,

117 4099 255 4157 Laetus.
282 4131 316 4142 -
345 4105 376 4156 18
389 4095 430 4158 ‘et
452 4106 551 4157 neutro
574 4108 601 4158 et
624 4103 703 4174 infra
726 4119 816 4174 nequo
837 4108 935 4160 neutra
956 4103 1026 4174 sort.
1049 4095 1110 4158 del?
1133 4103 1204 4173 nsp.
1232 4133 1265 4142 —

117 4184 208 4250 maris]
226 4185 298 4256 LSp,
315 4202 404 4243 mares
421 4186 454 4256 F,
471 4203 530 4242 mes
547 4187 635 4258 vulg.
653 4204 693 4244 etc
709 4189 741 4244 Β.
760 4219 794 4230 -
812 4188 911 4244 femine
928 4187 1043 4257 MVap,
1062 4186 1164 4244 lemine
1180 4187 1264 4256 vulg.

118 4283 156 4323 ex
172 4268 205 4322 B.
225 4300 255 4310 -
277 4275 308 4325 19
323 4266 403 4344 ‘fort
422 4271 538 4330 feminus
556 4265 700 4328 feminum'
717 4273 788 4345 LSp.
