3038 5048
231 285 300 328 xm
731 270 868 328 Passisiio.

229 462 338 505 manum
359 444 442 503 luisse
462 443 605 520 prohstsu,
625 445 683 520 ipse
704 447 860 506 coniectura
880 464 972 506 rerum
993 448 1095 508 invenit
1115 442 1248 528 λάτριν,
1270 449 1319 508 sed
1340 466 1378 509 ne

230 531 305 609 quod
331 533 359 590 in
385 529 480 590 eodios
502 530 655 596 invenerat,
687 532 824 605 perditum
847 533 914 596 nst.
947 548 1025 592 more
1051 550 1103 592 suo
1130 544 1277 610 utrumque
1303 550 1378 592 eon-

229 618 345 692 iungens
365 615 473 691 erripuit
492 607 616 695 iss'spos
636 621 664 673 st
684 607 816 696 oeispoe,
840 616 884 677 vei
904 625 936 677 ut
956 617 1063 693 vulgata
1085 619 1159 678 dedit
1177 613 1299 700 λάννον
1319 622 1378 682 καλ

231 696 371 782 sitam
391 699 465 760 conl.
486 717 569 776 supro
589 699 623 757 sd
645 698 675 764 V.
696 703 764 760 166.

316 787 382 852 Vlll,
404 788 444 847 23
467 787 501 845 ie
523 802 555 844 so
579 782 685 843 θωνα·
705 784 856 859 Lausique
877 787 967 844 libros
986 786 1116 859 ssoersmt
1134 791 1246 856 multos,
1267 790 1379 863 periise

229 890 293 931 oum
320 873 373 929 olii
396 878 532 944 putarent
559 872 590 926 im
619 870 757 942 tosseim
784 887 820 927 es
846 873 936 928 ossio
964 873 1044 945 sequi
1064 881 1209 946 oportere,
1242 890 1316 948 quse
1337 876 1376 932 oli

230 958 369 1016 mutus
390 956 521 1012 emmer
542 962 633 1010 essem
654 955 807 1021 meinis,
829 970 903 1029 quus
917 958 1101 1030 appellum
1114 953 1298 1036 ἀναλογίας,
1321 959 1378 1016 olii

229 1060 292 1101 oum
311 1043 343 1098 id
363 1039 559 1112 negligendum
576 1045 713 1112 putorem
733 1056 769 1097 se
793 1041 890 1113 potius
910 1042 1082 1114 mpsssmdsm
1108 1042 1376 1111 dissimilitudinem,

229 1144 302 1203 psus
322 1128 354 1182 iss
375 1124 574 1182 eomsetudims
595 1131 645 1189 est,
667 1139 752 1197 νων
771 1132 909 1182 soeommt
930 1119 1126 1200 ἀνωμαλίαν.

312 1211 342 1268 in
362 1209 403 1266 his
424 1223 493 1283 qrrae
514 1215 604 1283 aperte
624 1208 762 1266 suntlibri
776 1225 869 1267 omues
882 1211 1053 1282 sepsmdem
1065 1211 1276 1268 similitudimem
1290 1227 1377 1284 quoe,

227 1305 286 1355 turn
300 1295 397 1351 Laetus
415 1309 541 1366 graecum
559 1291 721 1351 vocabulum
735 1289 933 1368 ἀνωμαλίαν,
955 1295 1031 1352 cuius
1053 1295 1163 1369 vestigia
1184 1295 1236 1352 itt
1256 1307 1376 1363 servant,

228 1380 341 1443 omittit,
374 1376 566 1436 liholsndellns
593 1394 657 1436 vero
685 1377 774 1453 explet
804 1379 905 1437 sddens
932 1372 1107 1458 συνήθειαν
1134 1380 1216 1454 idque
1243 1380 1376 1439 editiones

228 1467 322 1524 omn'es
342 1479 429 1538 usque
449 1463 483 1520 ad
504 1463 649 1537 Augustini
670 1463 805 1536 vulgatam
826 1471 929 1521 tenent.
955 1464 1068 1529 mirum,
1090 1464 1162 1522 unde
1180 1464 1376 1524 liholandellus

228 1550 275 1628 qui
306 1549 396 1608 honos
427 1565 534 1623 semper
566 1546 650 1606 libros
682 1548 805 1622 sequitur
842 1564 931 1623 neque
961 1549 1121 1608 coniecturis
1152 1547 1288 1616 abutitur,
1321 1550 1376 1609 hoo

226 1636 384 1710 sumpserit,
411 1633 460 1691 sed
480 1631 566 1691 multo
587 1632 670 1707 magis
691 1633 789 1691 mirum
809 1633 884 1708 quod
906 1634 1038 1692 Victorius
1060 1651 1092 1693 ex
1113 1634 1133 1691 li
1153 1635 1305 1693 adnotavit:
1338 1652 1374 1694 oo

223 1723 322 1797 potius
353 1719 524 1792 sepiendum
555 1709 780 1797 συνήθειαν
812 1719 1161 1777 dissimilitudinem
1192 1736 1266 1793 puae
1295 1762 1302 1778 .
1328 1761 1337 1777 .
1365 1762 1372 1778 .

226 1822 311 1882 quom
344 1804 451 1860 etism
481 1810 586 1861 voram
612 1795 781 1880 ὃμάλειαν,
817 1803 888 1861 unde
916 1803 988 1878 vulg.
1016 1804 1089 1862 dedit
1118 1806 1287 1879 sepiendum
1314 1818 1374 1868 συ-

226 1883 396 1955 sideros
426 1887 844 1963 dissimilitudinemque
872 1904 946 1962 quoe
975 1929 984 1946 .
1013 1931 1019 1944 .
1049 1905 1136 1963 poem
1160 1891 1246 1947 etiem
1270 1897 1374 1948 ooesmt

226 1970 414 2049 ἀνομαλίαν.
460 1971 619 2030 Graeculum
653 1972 727 2030 huno
759 1990 818 2031 esse
849 1973 943 2031 audaci
972 1975 1081 2048 ingenio
1112 1975 1140 2032 in
1172 1975 1260 2032 latinis
1291 1974 1375 2032 luxu·

225 2061 339 2118 rientem
370 2057 478 2124 modam
510 2073 572 2114 nam
599 2074 660 2115 enm
687 2051 843 2135 ὃμαλίαν,
875 2075 932 2116 non
958 2053 1151 2133 ἀνωμαλίαν
1177 2060 1294 2118 volarisse
1321 2058 1373 2116 ad-

225 2145 311 2205 ditum
331 2144 419 2201 αλανι
438 2142 527 2200 docet
570 2142 664 2200 Utrum
692 2160 724 2200 ex
750 2143 803 2200 hoo
826 2144 846 2201 li
871 2143 959 2202 hausit
979 2144 1170 2203 Rholandoilus
1194 2145 1268 2203 istud
1288 2160 1373 2218 quom

224 2236 327 2288 orsum
355 2219 545 2306 συνήθειαν,
581 2243 616 2284 su
643 2226 686 2284 hie
713 2244 745 2285 ex
771 2225 840 2285 illo‘i
877 2246 938 2286 nans
964 2246 1027 2288 cass
1054 2229 1082 2287 id
1108 2228 1210 2287 laetum
1236 2245 1293 2286 non
1321 2237 1373 2287 est.

226 2324 255 2374 at
275 2330 399 2390 maecum
427 2313 519 2388 potius
541 2312 624 2370 verbo
646 2314 846 2371 eonsuetudise
873 2314 1037 2389 adscriptum
1058 2314 1173 2372 videtur.
1217 2313 1286 2383 Quid
1306 2330 1372 2372 vero

223 2400 263 2465 illi
283 2399 552 2462 dissimilitudinum,
581 2412 650 2470 quae
671 2397 756 2472 proha
777 2406 819 2456 est
838 2398 985 2464 eorreetio,
1015 2415 1157 2457 commune
1177 2408 1219 2457 est
1237 2415 1300 2456 orm
1321 2398 1373 2457 hae

225 2485 402 2565 συνηθείᾳλ
430 2481 545 2540 tortasse
573 2481 669 2540 doetus
696 2481 740 2540 ille
767 2483 883 2540 indionre
910 2483 996 2541 voluit
1021 2483 1091 2541 hano
1117 2483 1294 2542 similitudinis
1316 2497 1372 2546 oo·

224 2563 358 2649 νήθειαν
384 2584 415 2625 re
435 2584 497 2626 uera
518 2584 578 2625 esse
598 2566 850 2633 dissimilitudinem,
883 2577 915 2625 ut
939 2577 1047 2644 praeter
1073 2585 1176 2627 morem
1200 2585 1281 2629 suum
1302 2568 1372 2627 Var-

224 2655 299 2712 ronis
314 2652 395 2709 verba
414 2652 625 2709 similitudimem
640 2666 713 2724 passe
734 2653 766 2708 im
787 2654 985 2711 consuetudine
1006 2662 1048 2712 esi
1067 2654 1110 2711 his
1131 2653 1292 2728 explanaret,
1315 2670 1372 2711 nou

225 2738 394 2803 emendarem
428 2735 555 2811 quioquid
582 2745 639 2802 est,
672 2738 780 2812 egregie
807 2739 917 2796 invento
946 2756 998 2798 suo
1025 2731 1180 2813 ὁμάλειαν
1208 2739 1298 2813 lapsus
1320 2748 1370 2804 est,

223 2821 361 2880 vocabulo
380 2838 413 2880 ex
434 2821 569 2895 glossariis
590 2821 655 2879 solis
680 2829 747 2878 noto
769 2815 898 2896 (inesto
923 2822 1084 2899 planitudo),
1117 2840 1179 2881 eum
1206 2824 1290 2881 totius
1317 2822 1372 2881 loci

224 2907 357 2965 sententia
388 2913 480 2980 aperte
507 2905 608 2964 condes
634 2907 662 2962 in
690 2906 731 2962 his
759 2905 835 2963 libris
866 2908 1010 2982 repetitum
1037 2906 1199 2965 vocabulum
1225 2907 1372 2966 anomaliae

223 2991 364 3066 lingueret.
404 2989 457 3047 hoo
483 2989 634 3065 exemplum
659 2998 776 3048 veterem
801 2990 901 3049 librum
932 2991 952 3049 λ’
979 3002 1006 3050 et
1038 2993 1085 3068 qui
1115 2991 1189 3049 hune
1218 3001 1371 3068 sequnntur

224 3076 298 3136 solos
322 3073 479 3141 audiendos,
505 3074 648 3133 doetorum
671 3092 741 3133 eaeo
765 3076 810 3134 XV
831 3085 981 3135 commenta
1003 3077 1061 3136 iere
1084 3093 1191 3153 semper
1214 3076 1373 3152 negligenda

224 3178 284 3222 esse
304 3160 393 3218 donet.

310 3245 383 3314 Quae
404 3259 500 3318 graeca
521 3259 681 3319 quamquam
702 3242 801 3302 nrdlius
822 3252 888 3303 suut
907 3246 1001 3321 pretii,
1031 3256 1118 3304 tamen
1139 3246 1220 3304 latina
1240 3247 1371 3320 quaedam

223 3331 284 3391 utre
304 3347 355 3388 suo
376 3328 508 3394 restituit,
541 3338 569 3387 et
596 3329 647 3386 nisi
668 3328 738 3387 malo
760 3330 880 3389 mutandi
901 3331 1010 3405 pruritu
1031 3330 1129 3389 duetus
1150 3340 1231 3398 esset,
1239 3333 1269 3406 *J
1298 3333 1372 3391 lraud

224 3415 304 3475 dubie
324 3413 435 3473 meliors
455 3412 628 3489 profecissem
650 3413 716 3479 vtll,
733 3416 750 3473 9
775 3416 860 3472 etiem
880 3417 993 3473 viserat
1013 3416 1104 3488 magis
1125 3432 1184 3482 osis,
1207 3433 1371 3476 onnmrnn·

223 3509 270 3561 tur
294 3497 417 3558 adverbia
447 3499 618 3574 correxitque
644 3499 741 3557 tamus
772 3501 836 3566 uie,
868 3500 963 3558 melius
991 3511 1083 3558 noster
1108 3503 1159 3559 oie
1180 3504 1271 3576 megia
1293 3519 1373 3573 eros,

223 3586 271 3643 sed
292 3584 373 3644 verba
393 3584 467 3659 quod
488 3584 684 3657 transposuerit
705 3599 760 3640 non
782 3585 869 3642 video.
914 3584 1006 3642 Verbis
1026 3585 1069 3651 Vl,
1093 3589 1142 3654 31,
1167 3590 1207 3648 32
1231 3587 1299 3645 Dies
1319 3589 1369 3663 psi

223 3678 342 3728 ooosms
362 3670 422 3728 sie:
453 3669 568 3742 quoodo
590 3668 651 3724 lise
678 3669 848 3736 comitiavit,
880 3669 940 3727 Fas
969 3671 1120 3730 acutissime
1147 3690 1180 3731 ex
1205 3673 1369 3733 Kalendariis

223 3754 326 3813 litteras
353 3754 509 3830 praeposuit
528 3753 580 3810 sie.
604 3751 638 3823 Q.
662 3752 696 3810 ll.
721 3751 752 3812 G.
774 3753 808 3810 F.
830 3762 858 3811 et
883 3753 996 3813 iortasse
1023 3757 1081 3833 ipse
1107 3766 1225 3817 motetus
1251 3757 1367 3832 seripsit,

291 4049 318 4117 *)
334 4048 463 4119 Quidquid
480 4065 495 4103 s
513 4050 613 4117 vulgati
630 4064 679 4103 usn
696 4049 793 4104 resedit
810 4050 932 4106 mutando
949 4055 1067 4120 removit,
1092 4058 1122 4106 ni
1139 4048 1201 4116 vsu,
1219 4053 1234 4103 l
1250 4047 1367 4111 fortasse

224 4132 261 4170 oss
277 4121 307 4170 in
320 4119 483 4184 primmdum
498 4122 555 4170 sisi
571 4119 654 4186 lapsi,
680 4117 707 4170 in
724 4133 775 4187 pue
793 4119 900 4173 lerninis
918 4120 1025 4177 Varroni
1048 4118 1227 4176 eoninnstivns
1241 4116 1365 4172 islensis

225 4190 273 4253 est,
290 4185 394 4240 aritiens
412 4190 499 4240 noster
515 4185 552 4240 B:
569 4185 690 4249 fossilem
704 4189 735 4240 iss
752 4189 911 4255 quidusdam
927 4195 992 4243 suoi
1008 4191 1086 4258 lapsi.
