3060 5048
266 308 397 347 rmum
768 287 904 343 Praefatio.

266 469 387 525 Homine
409 467 559 530 Homines,
589 469 615 523 in
637 467 755 524 secundo
777 473 807 522 ul
830 473 870 522 esi
892 467 928 522 ab
956 467 1084 523 Terentio
1111 468 1252 534 Terentia,
1284 481 1310 527 et
1336 471 1409 544 quod

266 554 374 610 innotis
401 553 604 615 estuantem,
638 569 686 609 cur
713 553 782 609 tertii
812 554 916 627 generis
945 552 1094 627 exemplum
1123 553 1306 611 desideraturi
1344 574 1409 613 num

266 638 409 696 intercidit.
431 654 465 693 aa
486 637 554 695 alius
575 638 618 694 illa
641 638 694 694 dno
717 638 751 694 de
772 654 822 694 suo
845 635 1005 711 adscripsit?
1035 639 1182 696 Varronem
1203 640 1290 714 ipsum
1311 642 1408 698 incon·

265 734 381 781 stantem
407 722 489 780 luisse
515 723 577 780 nubi
604 739 659 779 non
689 724 846 796 persuadeo.
899 721 979 779 verba
1004 725 1125 780 uoluisse
1152 727 1248 781 notari
1270 726 1409 801 Scioppius

266 820 340 867 recte
361 809 482 865 onruuse
502 809 616 869 ridetur.
639 809 685 865 sed
707 808 771 883 quid
794 818 834 865 est
856 815 887 863 ut
907 809 988 864 illiue
1011 818 1101 865 esseut
1122 811 1238 882 suturae
1254 827 1309 883 quo
1324 813 1409 869 decli-

266 896 425 951 narentur?
446 895 509 967 quid
532 904 572 951 est
594 894 666 968 quod
690 910 744 950 non
767 894 836 950 dicat
857 893 884 950 id
906 893 980 967 qnod
1003 895 1162 968 requirimus
1184 904 1214 951 ut
1236 898 1316 953 illinc
1339 899 1409 954 obli-

266 982 315 1053 qui
342 978 384 1036 rel
412 978 441 1034 ia
471 980 597 1052 obliquos
625 980 857 1036 declinarentur?
890 995 922 1034 aa
953 979 1059 1053 scripsit
1088 989 1159 1036 esset
1187 981 1315 1052 suturam
1345 999 1406 1055 quo.

266 1065 307 1123 rel
329 1064 433 1139 ponus,
468 1080 527 1120 cnm
549 1081 626 1120 casus
655 1065 772 1120 indicare
794 1065 870 1129 velit,
896 1071 926 1119 ut
947 1064 1027 1121 illiue
1050 1073 1140 1120 esseut
1161 1064 1253 1136 futuri
1275 1066 1409 1142 (saturei)

266 1167 322 1225 qao
344 1149 573 1204 metuerentur?
606 1159 633 1205 et
654 1149 717 1206 illud
741 1166 794 1222 quo
817 1150 936 1204 Varrone
964 1149 1036 1205 haud
1064 1150 1202 1223 indignum
1226 1169 1280 1207 non
1305 1154 1410 1209 videtur

266 1233 421 1292 mutandam
443 1250 512 1290 esse.
542 1234 637 1291 deiude
661 1235 767 1308 scripsit
781 1234 874 1291 Miiller
897 1235 971 1306 quod
992 1243 1019 1289 et
1041 1251 1115 1290 unae
1138 1237 1269 1292 dicuutur
1284 1236 1409 1311 Scopae;

266 1319 341 1376 facile
368 1315 522 1391 probaveris
549 1319 618 1376 hanc
646 1320 853 1380 coniectionem,
888 1319 934 1374 sed
963 1318 1095 1392 vulgatam
1126 1320 1244 1377 defendit
1274 1322 1343 1387 Vlll,
1369 1325 1408 1381 35

264 1420 324 1462 ιιιιιι
347 1403 440 1459 rusae
460 1404 567 1475 fuerim
588 1402 727 1469 nicenae,
752 1406 787 1461 ab
810 1421 868 1460 uua
891 1405 958 1459 dicti
981 1403 1131 1470 Athenaei,
1162 1407 1197 1460 ab
1221 1407 1314 1462 altero
1337 1453 1343 1465 .
1369 1448 1376 1462 .
1401 1449 1409 1463 .

265 1488 388 1547 utrrtiu
413 1487 635 1563 Albeuopolitae.
666 1506 726 1545 narn
749 1506 803 1545 non
827 1490 923 1545 dicitur
945 1489 1056 1553 Athena,
1080 1497 1215 1546 ettamen
1238 1491 1263 1545 id
1287 1491 1407 1565 fingitur,

264 1590 347 1651 quare
375 1581 401 1631 et
429 1584 523 1631 nostro
546 1574 606 1631 loco
634 1574 750 1648 probum
772 1582 827 1640 cst,
860 1575 1078 1647 quodmodo,
1113 1583 1138 1631 et
1160 1576 1263 1631 dicitur
1285 1576 1404 1648 Scopae,

264 1677 324 1718 uara
346 1659 397 1716 linc
419 1660 535 1734 requiro;
580 1661 696 1734 benique
717 1667 882 1734 postremum
905 1658 1063 1716 vocabulum
1087 1661 1233 1717 notandum
1256 1671 1311 1728 est;
1347 1678 1411 1718 narn

264 1746 371 1822 genitivi
397 1762 475 1802 nsurn
500 1744 623 1800 Varronis
645 1746 803 1802 anctoritate
829 1743 979 1802 confirmari
1002 1745 1110 1810 credas,
1145 1746 1192 1802 sed
1214 1746 1265 1802 hoc
1287 1747 1408 1820 exemplo

265 1847 319 1888 aaa
342 1832 440 1894 utitur,
471 1829 655 1904 reponendum
677 1831 703 1885 id
727 1830 800 1904 quod
829 1830 890 1886 alibi
913 1828 992 1886 offert
1020 1831 1131 1904 obliquo
1161 1832 1297 1887 vocabulo
1331 1830 1409 1888 Oois.

264 1913 328 1974 t'ttt.
352 1918 391 1976 id
415 1931 452 1971 aa
475 1916 612 1971 communi
633 1923 663 1971 ut
685 1914 760 1971 louis
792 1915 856 1972 item
879 1916 1014 1972 coniceres
1043 1917 1117 1982 oum,
1151 1917 1200 1971 nisi
1228 1917 1318 1990 potins
1346 1919 1411 1975 haec

264 1999 342 2058 rurba
365 2010 395 2058 ut
416 2001 504 2075 inepta
527 2000 638 2057 delenda
661 2010 761 2057 essent.

417 2085 458 2148 lx,
483 2087 537 2144 43:

351 2170 431 2241 Quod
453 2170 561 2234 dicuat,
585 2171 675 2226 simile
696 2171 733 2227 sil
758 2186 844 2226 aecae
866 2186 966 2226 nomen
987 2170 1109 2233 nomini,
1132 2170 1323 2242 imprudenter
1345 2169 1409 2227 Ari·

348 2255 490 2313 starcbum
509 2257 675 2328 praecipere
698 2263 827 2328 oportere
848 2262 976 2328 spectare
998 2271 1054 2309 aaa
1076 2255 1166 2310 solnm
1188 2271 1224 2310 ea
1245 2264 1335 2319 recto,
1359 2259 1409 2313 sed

350 2342 432 2399 etium
455 2356 490 2396 ea
512 2356 607 2395 eorum
628 2341 750 2396 uocandi
771 2356 855 2410 casu;
893 2347 964 2395 esset
987 2340 1059 2394 caim
1081 2340 1279 2404 deridiculum,
1314 2342 1341 2395 si
1370 2344 1410 2397 si·

349 2427 427 2484 utiles
448 2427 522 2482 iuter
543 2441 573 2480 se
593 2433 727 2498 parentes
749 2427 805 2481 siat
827 2426 861 2481 dc
882 2426 948 2498 filiis
969 2425 1112 2488 iudicare,
1145 2425 1194 2496 qui
1215 2432 1312 2480 errant
1334 2428 1409 2497 quod

349 2527 405 2568 uon
420 2511 456 2568 ab
472 2526 503 2566 eo
526 2511 646 2583 obliquis
669 2511 782 2566 casibus
804 2511 842 2583 fit,
865 2517 896 2565 ut
918 2509 987 2564 recti
1008 2510 1095 2565 simili
1115 2508 1190 2580 facie
1214 2511 1407 2575 ostendantur,

348 2597 398 2653 aod
416 2603 534 2670 propter
556 2612 602 2651 eos
623 2595 739 2667 facilius
759 2595 885 2667 perspici
906 2594 1059 2650 similitudo
1080 2602 1171 2667 potest
1193 2611 1300 2660 eorum,
1326 2610 1409 2667 quam

349 2681 404 2738 cim
432 2680 568 2744 babeant,
602 2686 633 2735 ut
655 2681 772 2736 lucerna
794 2681 825 2736 iu
847 2681 967 2736 tenebris
994 2680 1086 2735 alluta
1114 2696 1172 2736 nou
1198 2679 1303 2751 saciat,
1337 2696 1409 2752 quae

348 2765 389 2823 ibi
410 2773 474 2822 suut
493 2766 588 2839 posito
610 2765 716 2822 similia
738 2765 802 2830 siut,
829 2766 879 2820 sed
900 2772 930 2819 ut
951 2764 1103 2818 videantur
1125 2779 1199 2835 quae
1221 2773 1286 2821 suat
1309 2769 1409 2840 quoius

349 2851 457 2908 diesim.

264 2936 291 2994 iu
313 2935 352 2993 liis
373 2935 504 3010 spectari,
528 2934 554 2991 h.
576 2952 600 2991 e.
622 2935 770 3007 spectorei,
794 2935 858 2989 item
880 2949 939 2988 esse
963 2934 1044 3003 euim,
1067 2949 1123 2988 non
1146 2942 1218 2989 essct
1239 2936 1410 2994 scribendum

265 3038 322 3081 tuso
345 3037 393 3078 nos
419 3020 582 3093 argumentis
598 3018 756 3076 condrnure
778 3035 846 3091 opus
869 3034 923 3073 aon
946 3026 996 3083 est,
1020 3034 1107 3091 neque
1130 3017 1162 3073 de
1184 3018 1243 3075 filiis
1265 3021 1408 3085 iudicatur,

264 3106 311 3165 tud
334 3121 348 3163 ι
369 3104 436 3180 etin
459 3105 606 3169 iudicarei,
631 3111 745 3173 erraut,·
777 3103 882 3176 gravius
912 3111 951 3159 est
975 3104 1010 3158 ab
1035 3120 1066 3158 co
1090 3103 1210 3173 obliquis
1233 3106 1345 3160 casibus
1368 3107 1412 3162 la-

266 3191 320 3252 ιιιιι
342 3206 395 3248 non
418 3189 476 3252 ilici,
500 3198 572 3248 recte
593 3205 656 3246 vero
680 3189 715 3244 ab
739 3204 833 3242 eorum
856 3188 976 3260 obliquis
999 3189 1120 3244 casibus.
1157 3188 1295 3245 Postrema
1316 3207 1412 3248 sensus

266 3285 297 3337 ιιι
318 3274 403 3335 rerlris
426 3275 538 3339 inesset,
572 3274 676 3347 scripsit
699 3290 730 3329 ex
751 3273 770 3327 B
793 3273 959 3346 Augustinus
989 3288 1061 3344 quae
1089 3273 1147 3328 siat
1175 3287 1281 3345 quaeue
1304 3277 1413 3347 desiut;

266 3359 331 3421 uiso
353 3376 415 3419 roro
438 3358 550 3416 nrultnm
573 3358 703 3415 alitteris
725 3357 870 3421 recedunt,
903 3375 970 3431 quas
999 3358 1093 3414 leviter
1120 3358 1146 3413 io
1178 3359 1268 3415 codice
1296 3370 1412 3418 mutatas

267 3462 325 3507 tuso
345 3444 464 3509 triclinius.
488 3453 519 3501 ut
540 3460 594 3518 quo
617 3442 797 3500 vehementior
818 3444 853 3499 sit
873 3443 1010 3507 medicina,
1035 3460 1066 3500 eo
1088 3443 1331 3516 improbabiliorenr
1355 3465 1412 3504 esse

266 3530 459 3591 internetionem
474 3529 592 3592 evincns;
616 3529 642 3584 ia
664 3527 705 3583 his
728 3537 801 3584 certo
825 3538 935 3601 apparet
957 3529 982 3584 id
1007 3529 1081 3602 qnod
1103 3529 1224 3602 scripsit:
1249 3539 1279 3586 ul
1294 3532 1411 3587 lucerua

266 3616 296 3675 is
312 3614 432 3675 resitue
448 3614 539 3673 allatu
560 3630 617 3669 aaa
638 3613 717 3685 facit,
740 3619 770 3668 ut
792 3628 865 3684 quae
887 3613 928 3668 ibi
949 3614 1006 3668 siut
1025 3615 1121 3687 posita
1144 3615 1251 3671 similia
1273 3616 1338 3680 siut,
1361 3618 1412 3673 sed

266 3710 296 3761 ιιι
320 3702 467 3760 uideamur
488 3715 560 3773 quoe
582 3706 654 3762 suut,
679 3698 854 3768 quoiusmodi
874 3699 938 3754 sint.
