3060 5048
461 298 574 357 LIBER
598 301 730 359 NONUS.
765 301 782 370 1
800 304 910 357 81-83,
1201 297 1262 359 223

112 471 166 553 qui
189 477 309 558 emunt,
342 472 429 557 quod
449 472 592 541 Lucilius
619 493 684 542 non
705 471 818 541 debuit
839 472 1003 558 dubitare,
1037 469 1123 554 quod
1145 477 1264 539 utrum-

113 592 204 658 que;.
229 595 304 641 nam
332 575 366 642 in
395 595 470 651 aare
498 594 599 658 usque
629 574 671 641 ab
697 594 770 643 asse
791 572 835 643 ad
857 575 1012 643 centussis
1034 593 1184 640 numerus
1206 593 1263 640 aes
1273 588 1304 638 (n-
1315 585 1351 627 sn
1359 579 1416 637 err-¹)

111 675 328 761 adsignificat,
359 683 392 744 et
414 677 482 744 eius
503 697 635 744 numero
656 675 738 742 finiti
760 695 852 743 casus
880 677 998 761 omnis,
1028 676 1070 743 ab
1099 673 1262 759 dupondio

112 783 199 864 sunt,
230 778 316 860 quod
345 777 460 847 dicitur
482 798 503 845 a
524 778 633 846 multis
661 778 785 846 duobus
814 777 918 846 modis
944 778 996 846 hic
1018 776 1208 864 Dupondius
1230 780 1263 843 et

75 893 89 942 o
112 881 174 948 hoc
195 880 410 966 Dupondium,
432 887 469 948 ut
489 881 551 949 hoc
572 879 724 947 Gladium
747 885 779 947 et
800 880 853 947 hic
867 880 1020 964 Gladius3
1043 880 1085 947 ab
1108 878 1262 946 tressibus

112 982 220 1049 virilia
242 982 455 1050 multitudinis
476 981 510 1047 hi
533 983 667 1049 'Pressas
695 989 727 1050 et
753 982 805 1050 his
827 982 997 1049 Tressibus
1026 980 1166 1064 confido,
1200 979 1263 1046 sin-

112 1086 223 1170 gulare
246 1085 309 1152 hoc
323 1085 450 1152 Tressis
473 1083 579 1151 habeo
602 1089 634 1151 et
655 1084 717 1154 hoc
738 1085 865 1152 Tressis
887 1083 1022 1168 confido,
1044 1084 1091 1151 sic
1113 1083 1263 1166 deinceps

113 1187 156 1253 ad
185 1188 352 1255 centussis.
395 1185 523 1254 Deinde
550 1206 700 1255 numerus
730 1206 785 1255 aes
813 1208 878 1255 non
906 1184 1097 1271 significans.
1141 1183 1264 1251 numeri
1285 1183 1305 1263 S
1328 1183 1368 1246 82

115 1289 168 1373 qui
190 1308 246 1356 aes
268 1309 332 1356 non
353 1288 545 1373 significant,
567 1307 670 1372 usque
692 1309 711 1355 a
734 1293 882 1372 quattuor
903 1285 947 1354 ad
968 1293 1106 1370 centum,
1129 1284 1263 1369 triplicis
1321 1326 1324 1341 .

62 1400 92 1451 10
112 1391 234 1458 habent
260 1390 395 1474 formas,
435 1388 520 1474 quod
557 1388 704 1458 dicuntur
737 1389 771 1455 hi
799 1388 970 1474 Quattuor,
1007 1389 1070 1455 hae
1098 1386 1263 1470 Quattuor,

114 1493 195 1561 haec
223 1493 391 1576 Quattuor3
426 1512 498 1559 oum
522 1497 710 1578 perventum
740 1492 857 1560 estad
885 1491 974 1559 mille
1004 1484 1183 1578 [quartum],
1211 1507 1261 1554 as-

114 1594 211 1662 sumit
231 1595 393 1678 singulare
414 1599 578 1678 neutrum,
608 1592 693 1676 quod
721 1593 837 1662 dicitur
863 1594 924 1662 hoc
952 1593 1041 1661 Mille
1063 1586 1262 1677 [denariump

114 1718 135 1763 a
164 1716 226 1780 quo
256 1695 467 1762 multitudinis
494 1693 530 1760 fit
557 1695 648 1761 Milia
680 1691 846 1783 [denarial.
905 1695 1010 1775 Quare
1042 1695 1191 1778 quoniam
1220 1692 1264 1759 ad
1285 1693 1306 1772 ξ
1329 1693 1367 1756 83

114 1798 281 1882 analogias
309 1795 396 1879 quod
424 1796 560 1881 pertinet
586 1816 649 1864 non
679 1802 790 1864 estut
818 1797 925 1865 omnia
959 1797 1077 1864 similia
1108 1774 1395 1880 dicantur,‘¹’'⁶¹⁸⁵¹''

64 1903 93 1956 15
115 1898 173 1967 sed
201 1902 238 1965 ut
264 1898 298 1964 in
324 1917 383 1964 suo
412 1915 558 1982 quaeque
590 1917 706 1982 genere
741 1898 888 1965 similiter
916 1899 1130 1982 declinentur,
1167 1898 1263 1966 stulte

116 2004 285 2083 quaerunt,
319 2018 376 2065 our
403 2017 440 2064 as
470 2005 502 2065 et
529 1997 709 2085 dupondius
738 2004 772 2067 et
800 2000 909 2068 tressis
937 2021 1001 2068 non
1023 2000 1169 2069 dieantur
1189 2020 1260 2085 pro-

115 2102 275 2187 portione,
304 2120 376 2168 cum
404 2103 449 2167 As
477 2101 519 2168 sit
547 2100 699 2186 simplex,
728 2101 918 2187 Dupondius
944 2101 1053 2187 fictus,
1083 2102 1170 2185 quod
1197 2101 1261 2169 duo

116 2221 206 2270 asses
227 2201 399 2289 pendebat,
422 2203 547 2270 Tressis
567 2224 608 2271 ex
623 2202 725 2271 tribus
747 2203 831 2270 aeris
853 2203 939 2287 quod
961 2203 1011 2270 sit.
1054 2222 1113 2286 pro
1134 2203 1261 2270 assibus

1399 1771 1415 1823 ¹)

203 2439 389 2507 luteumque]
414 2436 494 2509 ‘fort
516 2433 620 2493 verum'
646 2437 716 2508 LSp.
740 2455 777 2492 oo
795 2439 855 2509 fuit
871 2438 944 2508 quod
960 2454 1016 2494 non
1033 2435 1198 2506 utrumque?
1223 2438 1262 2507 cf.

114 2538 142 2591 p.
162 2525 221 2590 224,
241 2526 280 2577 10.
298 2553 333 2564 —
351 2527 366 2576 3
384 2522 553 2593 assignificat
569 2524 627 2578 Ma
642 2523 785 2592 Laetus,
804 2524 940 2595 significat
957 2524 1020 2593 Hp.
1038 2554 1072 2563 -
1090 2515 1198 2577 4‘sunt
1214 2529 1263 2576 cut

114 2622 165 2677 del.
184 2628 233 2678 aot
243 2630 313 2696 post
330 2623 417 2679 omnis
431 2623 601 2696 ponendum'
616 2625 687 2696 LSp.
706 2655 740 2665 -
758 2606 904 2682 ttrdsibus
915 2626 948 2695 F,
966 2625 1060 2682 tressis
1073 2624 1262 2681 Gronovius

114 2740 174 2795 pec.
193 2728 247 2782 net.
271 2742 298 2797 p.
319 2729 360 2781 82.
386 2755 421 2766 -
448 2730 464 2780 6
482 2705 569 2783 troies
586 2727 619 2783 F.
642 2757 677 2767 -
698 2706 818 2783 tre⁵sibus
836 2727 868 2782 F.
883 2721 965 2801 ‘fort
982 2730 1033 2785 hos
1050 2731 1151 2783 tresses
1170 2725 1261 2795 singu·

12 2859 24 2874 ,
114 2807 182 2866 lere’
202 2810 273 2882 LSp.
300 2841 335 2852 -
360 2810 479 2879 confido]
499 2828 561 2868 cnm
578 2813 615 2868 sit
631 2812 730 2882 vulg,
757 2829 819 2868 cum
836 2813 889 2869 siet
906 2813 1042 2868 Mitller.
1070 2842 1105 2853 -
1133 2809 1261 2866 11111111

113 2896 202 2952 habeo
221 2900 250 2950 et
267 2897 320 2952 hoe
337 2897 419 2952 tresis
437 2895 545 2952 confido
563 2897 595 2953 F.
614 2897 754 2966 singulare
771 2900 824 2953 hoc
840 2899 935 2955 tressis
955 2900 991 2955 ub
1012 2915 1045 2956 eo
1067 2898 1108 2953 sic
1133 2894 1262 2965 deinceps

113 2981 213 3049 vulg,
241 2980 378 3051 singulare
400 2981 446 3037 hie
469 2981 565 3038 tressis
587 2986 615 3037 et
637 2983 672 3037 ub
690 2999 722 3038 eo
741 2986 794 3039 hoc
810 2984 905 3053 tressi,
931 2989 960 3041 et
978 2983 1110 3040 cumsiat
1128 2981 1263 3038 11111111-

115 3081 178 3137 ceps
201 3065 336 3122 Mulier.
364 3061 443 3137 ‘fort
468 3082 549 3122 casus
573 3066 672 3135 omnis,
699 3067 734 3122 alr
758 3069 897 3139 dupondio
921 3070 994 3140 quod
1014 3110 1021 3124 .
1041 3110 1048 3125 .
1066 3071 1101 3126 ab
1119 3066 1263 3135 irensibus,

113 3150 205 3205 virilia
225 3150 408 3207 multitudinis
429 3151 460 3206 hi
481 3154 584 3208 tressas
608 3155 635 3208 et
655 3153 707 3208 hos
730 3157 831 3209 tresses
854 3153 962 3210 conlido
980 3154 1021 3223 (1),
1048 3155 1187 3225 singulare
1209 3155 1263 3208 hoe

113 3235 208 3290 1111111
227 3235 333 3300 [habeo]
356 3240 384 3292 et
404 3238 459 3292 hoc
482 3237 577 3293 tressis
601 3237 709 3294 confido
727 3238 769 3307 (l),
796 3238 836 3294 sic
859 3234 1000 3309 deinceps'
1025 3239 1097 3308 LSp.
1122 3238 1187 3294 huic
1205 3253 1262 3307 pro

112 3319 166 3374 hoc
181 3318 305 3375 Christ.
323 3350 357 3358 -
375 3321 448 3385 811]
461 3337 494 3376 ac
506 3321 530 3376 F
542 3321 632 3391 (Keil),
650 3338 668 3378 a
683 3322 707 3378 F
725 3323 844 3391 (Grotlr),
861 3339 879 3378 a
897 3324 1020 3392 ceteri,
1039 3340 1109 3378 corr.
1128 3323 1216 3390 vulg.
1228 3351 1263 3359 —

114 3402 280 3471 significans]
303 3403 440 3472 significat
462 3407 550 3475 vulg.
577 3437 611 3448 -
638 3407 717 3477 9qui
740 3423 770 3464 es
794 3409 827 3463 F.
853 3439 886 3448 -
915 3414 943 3462 11
963 3424 1045 3478 quom
1067 3408 1102 3463 H.
1129 3438 1164 3446 -
1189 3404 1263 3459 mille

114 3491 240 3557 quartum
258 3488 291 3556 F,
316 3488 496 3545 millenarium
520 3491 720 3562 Scioppius,
747 3492 895 3548 miliarium
911 3493 1048 3548 Mulier.
1067 3495 1194 3562 quartum
1209 3488 1261 3545 del.

114 3571 186 3642 LSp,
203 3572 281 3642 conf.
294 3572 434 3628 Gronov.
446 3589 507 3644 pec.
519 3579 573 3632 rat.
585 3592 612 3646 p.
624 3580 665 3631 89.
678 3605 712 3617 ·-
725 3572 805 3646 ‘sort
819 3574 977 3633 assumitur’
991 3578 1062 3647 LSp.
1081 3607 1114 3616 —
1134 3579 1165 3630 12
1177 3575 1261 3631 denu-

112 3656 192 3720 rium]
216 3656 267 3711 del.
292 3657 477 3728 Scioppius.
506 3691 540 3701 -
567 3666 599 3716 13
613 3653 692 3731 ‘sort
715 3664 785 3719 haec
808 3658 895 3718 milia’
920 3663 991 3731 LSp.
1018 3691 1051 3702 -
1077 3660 1192 3715 denaria
1208 3658 1261 3715 dcl.

113 3741 315 3811 Scioppius,
341 3743 483 3798 denarium
504 3745 726 3815 Augustinus.
752 3777 787 3788 -
813 3747 950 3817 quoniam]
973 3745 1114 3813 Mulier,
1144 3761 1205 3800 cum
1227 3742 1260 3812 F,

113 3842 193 3895 quom
205 3826 294 3896 (ilia,
312 3843 365 3897 quo
376 3827 540 3883 Rholand.
559 3861 593 3871 -
612 3834 644 3885 11
656 3832 783 3901 pertinet]
796 3832 868 3903 LSp,
880 3833 1018 3902 pertineat
1029 3831 1061 3886 F.
1081 3861 1114 3871 -
1133 3834 1260 3898 151111-

113 3917 174 3980 que]
193 3927 300 3983 quoque
316 3913 359 3981 M,
377 3913 516 3968 Laetus.
535 3945 568 3954 -
582 3909 663 3986 ‘fort
681 3916 780 3972 similia
798 3914 930 3973 similiter'
950 3917 1021 3986 LSp.
1040 3946 1075 3957 —
1093 3918 1125 3970 16
1142 3915 1261 3983 querunt

112 3996 144 4051 F.
167 4027 202 4039 -
226 4004 257 4053 11
277 4014 307 4053 us
325 3997 369 4062 sit]
388 3998 461 4054 adsit
478 3999 511 4067 F,
529 4015 601 4054 corr.
619 4000 737 4056 Aldus.
764 4032 797 4041 -
825 4002 935 4073 simplos
952 4016 1026 4056 corr.
1044 4017 1083 4058 ca·
1105 3997 1220 4068 simplex
1235 3995 1260 4050 F

112 4079 202 4149 (Keil).
220 4113 255 4122 -
273 4082 420 4154 dipondius
431 4082 464 4137 F.
484 4115 516 4123 -
535 4084 624 4141 dictus
636 4086 857 4155 Augustinus.
877 4118 910 4126 —
927 4087 982 4142 duo
994 4090 1079 4150 asses]
1097 4082 1259 4154 duapondo

111 4165 130 4218 i.
149 4182 172 4221 e.
192 4168 261 4223 duos
278 4183 355 4223 usses
372 4167 564 4238 Scioppius.
583 4199 616 4210 -
635 4174 667 4226 18
684 4171 842 4240 pendebant
859 4172 891 4240 F,
909 4187 982 4226 corr.
1000 4170 1086 4240 vulg.
1104 4201 1138 4210 -
1156 4167 1202 4239 sit]
1219 4167 1259 4225 sic

112 4250 210 4320 vulg,
226 4251 259 4307 iit
277 4253 306 4307 G.
325 4253 356 4306 F.
376 4253 419 4308 W.
439 4253 565 4310 Mdller
581 4271 610 4324 p.
629 4258 686 4310 869.
701 4249 782 4326 ‘fort
800 4254 861 4311 dcl?
881 4255 953 4326 LSp.
