3038 5048
241 344 265 386 11
608 330 744 386 Praelatio.
762 331 795 385 de
811 331 884 385 libris
901 348 1026 387 manuscr.

242 505 350 563 bantur.
395 506 498 563 Primus
525 506 576 563 hos
602 506 687 564 libros
715 523 785 563 anno
808 507 996 566 llCCGCLXXl
1023 509 1235 586 Pomponius
1262 512 1390 569 hactus

241 590 405 666 interpolato
435 590 527 648 codice
553 609 619 648 usus
647 591 702 648 aliis
730 601 803 650 recte
832 593 889 650 aliis
916 594 985 651 rnale
1017 595 1116 662 relictis
1144 595 1274 670 vulgavit,
1308 615 1389 672 quern

242 677 406 752 posteriores
437 677 528 750 paucis
560 676 630 733 bene
661 679 770 735 mutatis
802 679 887 735 secuti
919 687 983 735 sunt
1013 697 1101 755 usque
1133 681 1166 738 ad
1197 683 1389 738 Antonium

244 761 492 836 augustinum,
525 762 572 836 qui
599 778 670 819 anno
699 762 800 819 llllblV
828 771 856 821 et
885 764 997 820 llbell
1025 782 1106 839 quam
1134 766 1227 823 dicunt
1255 766 1389 841 vulgatam

174 896 183 912 ,
243 847 402 921 scripturam
430 845 549 909 tradidit:
584 847 605 902 is
633 847 791 904 auctoritate
819 849 893 905 nisus
920 848 982 905 libri
1009 867 1090 923 quem
1116 851 1271 923 ingeniosus
1308 852 1389 909 homo

242 931 294 990 sub
315 931 394 988 finem
416 930 515 988 saeculi
537 930 582 987 llV
605 930 646 987 vel
667 931 743 987 initio
758 932 815 988 XVl
837 949 941 990 summa
962 934 1070 990 audacia
1091 943 1119 991 et
1140 938 1290 994 temeritate
1312 954 1390 994 com-

243 1027 385 1093 posuerat,
422 1032 523 1072 novum
552 1023 580 1072 et
606 1015 638 1072 ad
667 1015 803 1089 vulgarem
833 1017 936 1073 dicendi
963 1020 1095 1075 rationem
1123 1021 1277 1078 restitutum
1304 1023 1390 1079 emisit

242 1103 403 1167 Varroncm;
436 1098 500 1156 nihil
522 1100 592 1156 enim
613 1099 670 1156 iere
692 1108 764 1164 erat,
790 1101 865 1175 quod
885 1100 1006 1174 legentes
1027 1101 1189 1168 offenderet:
1214 1107 1280 1162 adeo
1303 1108 1392 1164 omnia

243 1203 312 1263 quac
339 1193 415 1243 antea
445 1185 545 1242 rustica
572 1194 599 1242 et
626 1200 749 1259 perversa
777 1194 804 1241 et
831 1194 957 1261 corrupta
983 1185 1142 1260 legebantur
1170 1201 1335 1247 evanuerant
1363 1200 1391 1249 ct

242 1280 313 1330 tersa
340 1269 451 1344 levigata
477 1278 598 1328 correcta
623 1268 893 1336 circumferebantur,
927 1278 958 1328 ut
978 1287 1065 1328 novus
1086 1271 1171 1327 Varro
1192 1274 1226 1329 ad
1247 1276 1320 1330 vivos
1343 1293 1390 1332 re-

243 1357 322 1413 diisse
344 1364 371 1412 et
392 1356 526 1413 videretur
548 1361 575 1411 et
596 1352 738 1411 diceretur.
782 1354 851 1418 Nos,
875 1355 921 1429 qui
943 1356 1015 1412 baeti
1036 1355 1179 1412 editionem
1201 1373 1263 1412 cum
1283 1367 1389 1415 vetusto

241 1440 286 1498 illo
309 1440 402 1497 codice
422 1440 442 1496 p
464 1456 478 1496 a
499 1439 580 1497 Petro
602 1438 721 1496 Victoria
735 1438 840 1495 lllllllll
862 1439 984 1496 collatam
1005 1441 1123 1515 itemque
1144 1441 1298 1498 varietatem
1319 1442 1390 1498 illius

242 1524 381 1600 librique
408 1525 575 1597 Augustinus
604 1541 669 1581 usus
698 1532 739 1580 est
765 1523 799 1580 ab
827 1525 921 1581 eodem
945 1524 1061 1581 Victoria
1083 1533 1219 1582 enotatam
1240 1526 1267 1582 in
1290 1526 1390 1583 biblio-

241 1610 318 1669 theca
330 1611 483 1667 llouacensi
502 1609 659 1674 invenimus,
682 1607 830 1665 incredibili
850 1609 1057 1683 interpolatione
1078 1609 1167 1667 statim
1189 1612 1296 1684 cognita
1317 1628 1388 1668 anno

241 1695 431 1752 dccccxxvl
452 1694 536 1752 nitido
552 1693 696 1766 Augustini
709 1692 828 1751 Varrone
843 1695 939 1751 iterum
954 1695 981 1749 in
995 1694 1129 1752 hirsutum
1149 1695 1226 1752 illum
1247 1705 1275 1754 et
1296 1695 1389 1754 rudem

240 1779 455 1853 laceratumque,
488 1777 574 1853 qualis
601 1786 680 1835 antea
707 1777 811 1843 luerat,
844 1786 948 1836 mutato
978 1795 1046 1853 quae
1067 1791 1138 1838 esset
1158 1781 1199 1838 via
1219 1782 1335 1838 ineunda
1356 1783 1390 1838 ad

242 1882 331 1945 veram
354 1871 382 1921 ct
401 1873 501 1921 rectam
523 1862 734 1920 emendationem
755 1862 853 1920 horum
873 1863 1005 1920 librorum
1026 1866 1274 1923 demonstravimus.
1297 1867 1390 1942 Neque

241 1949 269 2007 id
296 1949 396 2006 frustra
422 1964 437 2004 a
465 1948 543 2004 uobis
572 1947 672 2004 lactum
700 1956 757 2014 est;
788 1947 869 2023 paulo
897 1949 968 2005 enim
996 1957 1060 2024 post
1086 1967 1157 2006 anno
1180 1951 1390 2008 llllGGGXXlllll

243 2033 444 2091 Odoiredus
472 2032 601 2090 lliiller
628 2042 737 2089 secutus
764 2040 821 2098 est,
855 2034 901 2108 qui
927 2034 1018 2090 multis
1038 2032 1105 2091 locis
1127 2035 1234 2110 egregie
1260 2037 1389 2093 restitutis

242 2118 403 2182 Varronem,
432 2134 488 2192 quo
509 2117 591 2192 vulgo
612 2127 674 2192 apte
694 2125 849 2182 uterentur,
873 2118 965 2176 edidit.
1008 2120 1111 2176 Interea
1131 2119 1187 2176 aliis
1208 2137 1318 2196 quoque
1339 2138 1389 2178 co-

243 2202 346 2261 dicibus
373 2203 490 2260 excussis
519 2203 620 2260 maiore
647 2218 708 2260 oum
736 2218 801 2261 cura
829 2202 927 2261 iactam
955 2203 1126 2263 collationem
1153 2206 1253 2262 vetusti
1278 2204 1340 2263 libri
1369 2206 1388 2262 p

242 2287 329 2363 adepti
353 2287 497 2344 Victoriam
518 2287 602 2346 multa
623 2287 711 2346 minus
731 2297 805 2346 recte
827 2299 966 2354 enomsse,
996 2289 1095 2365 quibus
1117 2297 1145 2346 et
1165 2307 1216 2347 nos
1239 2300 1266 2348 ct
1286 2292 1352 2348 alios
1374 2307 1389 2346 a

241 2390 307 2432 vero
328 2374 480 2447 seduceret,
501 2375 669 2450 repperimus
687 2391 776 2449 neque
796 2374 937 2448 indignum
957 2374 1037 2431 nobis
1058 2373 1198 2431 videbatur
1219 2376 1273 2432 hoc
1293 2371 1389 2432 auribo

243 2458 338 2516 adiutis
359 2459 508 2532 sagaciores
531 2468 559 2517 et
579 2459 773 2534 ingeniosiores
795 2458 828 2516 ad
849 2459 1044 2516 restituendum
1066 2459 1212 2516 Varronem
1234 2459 1323 2516 denuo
1345 2461 1390 2515 in-

242 2544 333 2601 vitare.
375 2544 428 2600 iam
449 2543 490 2600 his
510 2545 539 2600 in
560 2544 714 2602 universum
735 2543 811 2601 dictis
833 2542 939 2619 singula
959 2560 1133 2619 exponemus.

805 2893 830 2957 Ι.

331 3049 446 3107 Codex
466 3046 698 3104 Florentinus
725 3063 796 3104 saec.
818 3045 853 3102 lll
874 3045 923 3103 iol.
949 3049 1061 3105 1-34
1084 3046 1210 3103 Varronis
1239 3048 1272 3104 de
1298 3048 1391 3122 lingua

241 3134 323 3192 latina
344 3134 430 3190 libros
452 3132 609 3198 continens,
642 3147 712 3206 quos
734 3132 867 3189 Ciceronis
889 3132 975 3189 oratio
996 3147 1047 3206 pro
1070 3135 1103 3189 Α.
1125 3130 1248 3188 Cluentio
1270 3135 1391 3206 sequitur

243 3228 271 3278 et
291 3236 334 3276 ars
355 3218 488 3275 rhetorica
502 3219 535 3275 ad
548 3217 721 3280 Herennium,
743 3233 800 3274 non
820 3217 901 3274 modo
923 3224 1055 3274 vetustate
1075 3216 1209 3274 antecedit
1230 3225 1334 3274 ceteros
1350 3249 1388 3260 -

243 3305 326 3363 ceteri
345 3305 415 3360 euim
438 3319 531 3360 omnes
552 3301 659 3360 saeculo
680 3302 737 3358 lllV
758 3301 898 3359 inferiores
919 3308 1039 3358 sunt-
1054 3302 1100 3359 sed
1123 3319 1156 3359 eo
1177 3302 1288 3360 maxime
1309 3320 1391 3378 prae-

243 3397 311 3456 stat,
344 3389 418 3463 quod
447 3405 480 3445 ex
504 3388 559 3444 hoc
583 3386 702 3462 reliquos
730 3386 878 3461 descriptos
906 3403 1021 3462 eumque
1048 3386 1135 3444 solum
1157 3385 1260 3444 iontem
1281 3405 1314 3445 ex
1336 3405 1390 3464 quo

243 3491 336 3533 verum
355 3473 508 3530 hauriamus
530 3488 589 3529 esse
603 3469 741 3546 constat.¹)
770 3471 928 3529 Varietatem
949 3472 1028 3528 huius
1049 3470 1111 3528 libri
1124 3471 1251 3529 Petrus
1268 3473 1390 3531 Victo-

243 3561 365 3617 riusa.
388 3558 490 3615 llblllll
512 3557 628 3633 principi
648 3556 760 3614 editioni
780 3556 933 3632 adscripsit,
967 3572 1020 3630 qua
1041 3573 1092 3613 nos
1113 3558 1140 3612 iu
1162 3559 1254 3633 priore
1276 3559 1390 3616 editione

269 3876 275 3888 .
330 3807 355 3872 1)
373 3803 473 3858 Primus
490 3803 720 3888 monuitbngcl.
738 3803 801 3856 blai
819 3803 899 3872 praei.
916 3803 968 3858 (lic.
987 3803 1019 3856 de
1036 3820 1090 3873 rep.
1104 3820 1133 3886 p.
1145 3804 1205 3857 XX:
1219 3796 1317 3883 ‘codam
1334 3820 1388 3884 prp-

243 3871 1388 4009 attractatatztatttt“rtr1.ratratistrattarttlttattltlt

262 4012 365 4063 .1-15
383 4009 578 4077 disputavimus.
613 4007 686 4069 Quod
709 3979 744 4061 bt
761 4007 867 4074 llaupt
890 4012 980 4061 ceusct
1002 4008 1115 4073 (llermes
1131 4008 1149 4072 l,
1169 4008 1212 4073 44)
1238 4007 1387 4060 erabanum

270 4091 358 4129 aumm
381 4077 430 4129 hos
447 4075 569 4131 Varronis
594 4075 626 4128 dc
643 4075 660 4128 l.
679 4076 697 4132 l.
714 4076 794 4129 libros
818 4075 926 4142 legisse,
953 4075 1063 4139 fallitur;
1090 4090 1156 4144 quae
1174 4076 1242 4127 enim
1261 4074 1292 4127 de
1311 4091 1388 4128 com-

242 4149 320 4212 puto
339 4146 423 4212 cap.3
441 4149 530 4198 eatam
546 4183 553 4197 .
571 4182 579 4198 .
597 4145 776 4211 centussis,
802 4148 879 4211 post
901 4158 993 4212 quem
1019 4158 1180 4197 numerum
1200 4148 1289 4196 teste
1309 4142 1387 4195 Var·

243 4227 321 4265 rone
345 4228 406 4265 uon
429 4227 496 4266 com
528 4217 673 4267 onuntur
696 4227 766 4265 cum
789 4226 860 4264 asse
884 4211 1022 4269 numeri.
1048 4226 1063 4263 a
1086 4211 1216 4264 Prisciano
1235 4212 1279 4280 qui
1304 4215 1385 4264 totum

243 4279 365 4334 Varronis
381 4280 467 4334 locum
526 4283 542 4349 5
561 4283 680 4336 toa-74
697 4279 874 4348 exscripserat,
892 4284 996 4346 accepta
1014 4269 1099 4332 refert.
