3038 5048
662 311 698 364 lle
715 312 782 365 libro
801 311 861 364 Vlll.
1310 334 1340 371 ns

185 484 301 560 Propter
329 500 359 542 ea
387 483 468 542 verba
497 500 567 559 quae
595 492 672 542 erant
698 486 812 560 proinde
839 503 870 545 ac
892 489 1067 561 cognomina,
1101 499 1133 547 ut
1154 492 1274 565 prudens
1299 536 1305 548 .
1330 538 1337 554 .

271 578 385 646 propter
405 570 600 626 incrementum
621 610 630 628 .
654 609 661 625 .
684 570 795 627 accessit
817 570 1024 630 declinationum
1052 591 1153 649 genus,
1183 584 1215 633 ut
1236 592 1251 634 a
1273 592 1339 635 can-

272 654 344 720 dido,
366 653 514 719 candidius,
537 653 762 720 candidissimum,
785 654 804 731 ξ
830 658 877 714 17.

270 739 300 797 2.
323 737 397 808 Quae
421 738 450 795 in
479 753 523 795 eas
551 753 595 795 res
624 755 692 814 quae
721 739 901 806 extrinsecus,
933 739 1115 808 declinantur,
1145 751 1177 801 ut
1205 744 1238 801 ab
1268 758 1338 822 equa

339 822 437 898 equile,
459 820 479 900 5
505 824 553 882 18.

184 907 295 964 VERBA
327 917 442 984 propter
473 916 612 984 tempora,
661 924 808 974 numeros,
849 924 980 984 personas
1016 919 1117 970 mutata
1149 911 1218 971 inira
1252 915 1339 990 expli-

268 991 412 1050 rabuntur.

270 1079 298 1136 3.
321 1075 587 1147 QUEllllllltlllUll.
632 1075 763 1146 Quoniam
785 1077 885 1135 dictum
907 1079 941 1136 de
962 1077 1084 1146 duobus,
1119 1079 1260 1140 declinatio
1290 1100 1338 1143 cur

337 1171 364 1219 et
385 1162 413 1218 in
435 1178 490 1237 quo
512 1163 563 1227 eit,
593 1160 644 1218 iam
667 1162 775 1219 tertium
798 1163 873 1238 quod
894 1163 1071 1239 relinquitur,
1102 1168 1335 1242 quemadmodum,

340 1263 414 1305 nuno
436 1248 547 1312 dicetur,
572 1243 592 1323 ξ
616 1246 752 1305 21-84.

387 1331 538 1390 voluntaria
561 1329 717 1396 declinatio,
744 1331 772 1386 in
794 1347 847 1405 qua
869 1340 910 1388 est
930 1333 1074 1400 anomalia;

388 1416 518 1475 naturalis
540 1414 695 1480 declinatio,
719 1415 746 1473 in
770 1430 823 1491 qua
843 1415 928 1491 magis
950 1426 990 1474 est
1011 1419 1142 1493 analogia.

184 1501 217 1556 Α.
262 1499 351 1558 Dicam
372 1502 448 1577 prius
471 1507 565 1559 contra
587 1500 738 1558 universam
760 1500 911 1576 analogian,
933 1498 954 1578 ξ
975 1503 1112 1562 25-43.

184 1584 214 1642 Β.
259 1584 324 1643 Dein
347 1594 404 1644 tum
426 1586 459 1645 dc
480 1584 594 1660 singulis
615 1584 746 1660 partibus,
772 1582 793 1662 ξ
815 1587 951 1645 ‹tt-84.

270 1671 301 1726 ll.
509 1669 608 1727 Contra
630 1669 781 1728 universam
804 1671 968 1745 analogian..

232 1756 258 1811 l.
281 1772 296 1811 a
318 1760 413 1810 natura
435 1754 567 1811 sermonis
588 1754 720 1830 incipiam.
766 1755 851 1813 oratio
880 1753 968 1813 brevis
995 1764 1022 1813 et
1049 1765 1140 1831 aperta
1168 1776 1225 1818 esse
1248 1759 1337 1829 debet,

280 1839 361 1912 idque
384 1840 578 1896 consuetudine
600 1838 639 1904 fit,
661 1838 727 1896 nilril
748 1839 829 1913 igitur
851 1857 920 1915 opus
942 1849 984 1898 est
1004 1841 1134 1916 analogia.

228 1923 257 1980 2.
282 1924 371 1980 omnia
392 1922 512 1980 utilitatis
535 1939 613 1980 causa
633 1924 741 1980 inventa
762 1932 840 1988 sunt,
872 1941 952 2000 quam
977 1926 1000 1982 si
1021 1928 1217 1986 consuetudine
1239 1946 1338 1988 conse·

281 2007 405 2082 quimus,
428 2007 493 2063 nihil
515 2007 626 2081 prodest
647 2007 778 2080 analogia.

228 2095 258 2151 3.
282 2092 384 2149 accedit
406 2093 478 2166 quod
502 2108 679 2167 quaecunque
701 2109 767 2149 usus
790 2108 869 2149 causa
891 2090 1025 2150 advitam
1047 2102 1113 2151 suut
1133 2104 1279 2171 assumpta,
1309 2099 1337 2154 in

282 2175 323 2232 his
345 2175 501 2239 utilitatem,
537 2192 593 2232 non
615 2176 816 2233 similitudinem
838 2177 1006 2251 quaerimns3
1041 2193 1106 2251 ergo
1134 2180 1337 2254 inaequabilitas

279 2261 307 2317 in
339 2277 467 2318 sermone
502 2277 627 2336 quoque,
664 2261 712 2335 qui
744 2277 810 2318 usus
842 2276 922 2318 causa
952 2261 1130 2327 constitutus,
1168 2279 1223 2320 non
1252 2281 1338 2340 repu-

281 2345 376 2403 dianda
398 2354 450 2403 est.

228 2434 257 2488 4.
281 2430 378 2506 quodsi
412 2429 472 2505 quis
501 2437 581 2504 putat
607 2445 662 2486 non
691 2428 849 2494 utilitatem,
884 2429 931 2487 sed
959 2437 988 2486 et
1016 2428 1172 2504 elegantiam
1201 2446 1260 2487 esse
1291 2449 1337 2490 se-

279 2515 427 2590 quendam,
461 2514 487 2569 in
516 2514 567 2570 hac
594 2530 705 2588 quoquc
733 2513 886 2571 dominatur
921 2513 1120 2582 dissimilitud03
1154 2515 1338 2575 confitendum

279 2600 362 2673 igitur
376 2594 520 2656 verborum
535 2615 645 2672 quoque
659 2599 907 2665 dissimilitudinem,
931 2615 999 2675 qnae
1021 2608 1062 2657 est
1082 2601 1109 2656 in
1132 2601 1336 2668 consuetudine,

279 2698 335 2739 non
358 2699 417 2740 esse
437 2683 582 2740 vitandam.

229 2771 257 2826 5.
281 2768 379 2842 quodsi
406 2767 527 2841 analogia
553 2767 691 2842 sequenda
720 2776 777 2833 est,
807 2776 854 2825 aut
875 2784 906 2825 ea
936 2767 1101 2827 observanda
1127 2777 1168 2827 est
1195 2787 1264 2845 quac
1297 2782 1338 2830 est

279 2853 307 2909 in
330 2852 542 2918 consuetudine,
573 2860 620 2910 aut
641 2868 710 2927 quae
731 2869 786 2910 non
809 2861 859 2910 est.
903 2851 945 2909 illa
974 2855 1125 2930 praeceptis
1147 2872 1202 2913 non
1224 2857 1336 2931 indiget,

280 2936 350 2994 hanc
371 2938 449 3011 sequi
470 2937 556 2994 insani
578 2945 628 2995 est.
660 2953 714 2993 non
738 2953 803 3011 ergo
825 2945 866 2995 est
886 2940 1033 3012 sequenda.

227 3023 256 3082 6.
279 3023 375 3097 quodsi
404 3031 527 3097 oportet,
559 3020 597 3096 [id
618 3021 707 3096 est]*)
727 3030 758 3079 ut
786 3039 801 3080 a
829 3022 958 3080 similibus
984 3023 1105 3081 similiter
1133 3025 1222 3083 omnia
1251 3025 1336 3084 decli·

278 3115 392 3172 nentur,
427 3107 550 3181 sequitur
572 3115 603 3164 ut
624 3123 639 3163 a
661 3107 831 3164 dissimilibus
854 3107 986 3165 dissimilia
1008 3107 1123 3166 debeant
1146 3109 1227 3183 fingi,
1262 3111 1337 3185 quod

277 3208 333 3248 non
355 3190 394 3248 fit.

227 3281 256 3335 7.
279 3276 394 3349 denique
415 3275 438 3332 si
460 3283 502 3333 est
522 3274 651 3350 analogia,
675 3275 749 3349 quod
771 3275 798 3331 in
820 3275 911 3334 multis
932 3274 1021 3334 verbis
1043 3285 1084 3334 est
1104 3276 1249 3334 similitudo
1272 3293 1335 3334 ver·

278 3359 392 3426 borum,
418 3361 554 3436 sequitur,
586 3360 661 3435 quod
682 3361 709 3416 in
731 3359 854 3434 pluribus
876 3370 918 3419 est
938 3361 1140 3428 dissimilitudo,
1171 3369 1203 3418 ut
1223 3377 1279 3418 non
1301 3361 1337 3418 sit

278 3444 305 3500 in
327 3461 451 3502 sermone
474 3444 632 3521 [sequenda]
653 3443 782 3519 analogia.

227 3531 255 3588 8.
277 3536 415 3604 postremo
438 3529 460 3585 si
482 3538 523 3586 cst
549 3530 578 3586 in
606 3529 743 3593 oratione,
777 3537 824 3585 aut
851 3529 879 3584 in
908 3528 1032 3587 omnibus
1060 3529 1117 3586 eins
1143 3527 1264 3603 partibus
1293 3539 1335 3586 est

278 3613 367 3671 autin
381 3613 485 3688 aliqua;
509 3613 605 3672 sedin
628 3613 752 3672 omnibus
774 3630 830 3671 non
852 3621 903 3679 est,
926 3615 953 3669 in
975 3613 1064 3689 aliqua
1086 3629 1146 3671 esse
1166 3628 1261 3687 parum
1283 3618 1334 3670 est.

226 3700 255 3757 9.
279 3698 324 3772 qui
346 3697 480 3773 analogias
503 3715 562 3756 esse
583 3699 692 3762 dicunt,
727 3707 873 3773 utrumque
901 3699 1028 3772 ignorant
1055 3706 1082 3756 et
1109 3698 1136 3753 in
1165 3712 1219 3771 quo
1250 3695 1333 3772 [loco]

276 3782 421 3841 similitudo
444 3781 541 3841 debeat
568 3800 627 3840 esse
650 3791 678 3841 et
704 3784 928 3858 quemadmodum
955 3783 1071 3858 spectari
1100 3780 1217 3859 [soleat],
1250 3781 1335 3840 simile

250 4046 276 4111 *l
293 4060 390 4100 norum
411 4045 462 4098 lroc
486 4050 526 4098 eat
550 4050 576 4096 et
598 4049 700 4098 sextum
724 4048 903 4113 argumentum
925 4061 973 4099 nec
996 4061 1028 4097 ex
1051 4043 1215 4112 praecedenti
1237 4045 1334 4115 depen-

182 4111 259 4179 dens,
285 4119 315 4167 ut
333 4113 465 4180 intelligas
487 4115 564 4179 sequa·
585 4112 664 4180 idque
682 4113 771 4167 addito
789 4115 819 4166 id
835 4118 875 4165 eat
891 4114 1061 4181 sequentibus
1078 4113 1164 4182 verbis
1183 4114 1333 4181 explicetur.

180 4179 428 4303 pgccteregtneisilguller
450 4185 490 4233 ita
513 4197 566 4231 ease
589 4182 711 4244 mutarim
739 4181 875 4236 delendum
900 4183 991 4234 estid
1015 4187 1068 4249 eat,
1096 4181 1165 4249 qnod
1188 4183 1240 4235 iam
1261 4181 1332 4247 vulg.

1085 4333 1129 4387 d*
