3060 5048
485 302 605 375 ,urens
621 302 753 360 uenus.
790 304 806 370 s
825 305 934 357 n-ra.
1226 298 1287 358 219

143 496 218 542 nam
233 474 318 557 quod
334 474 480 560 plerique
495 475 651 558 dicuntur,
673 479 709 541 ut
730 476 787 542 tris
807 480 967 542 extremas
990 472 1132 558 syllabas
1148 469 1289 537 habeant

144 577 275 645 easdem
305 575 513 662 Cascelliani,
551 573 751 662 [Caeciliani]
786 575 965 659 Aquilicni,
1002 570 1289 658 animadvertunto,

144 680 229 746 unde
252 678 409 762 oriuntur,
434 679 564 747 nomina
586 678 755 745 dissimilia
778 677 968 760 Cascellius,
992 675 1166 758 Caecilius,
1188 673 1289 757 Aqui-

145 782 208 847 lius
232 831 239 846 .
263 831 270 848 .
294 830 301 846 .
325 779 490 865 Faustius,
517 785 604 848 recte
627 779 768 848 dicerent
788 780 993 863 Faustianos3
1028 779 1075 845 sic
1097 798 1117 843 a
1139 775 1289 860 Scipione

106 882 275 966 equidm
297 880 512 949 maledicunt
535 879 751 966 Scipioninos3
785 902 860 949 nam
882 887 931 948 est
953 879 1177 965 Scipionarios.
1221 876 1288 945 Sed
1298 896 1327 947 o·
1336 892 1374 935 ⁶0⁹
1383 892 1440 947 soe

145 992 180 1052 ut
203 983 271 1050 dixi
293 982 380 1066 quod
401 984 443 1050 ab
465 984 597 1052 huiusce
620 983 708 1052 modi
731 982 972 1069 cognominibus
994 1001 1066 1048 raro
1089 979 1289 1048 declinantur

144 1085 333 1170 cognomina
358 1104 462 1167 neque
491 1085 524 1152 in
552 1106 643 1153 usum
666 1087 763 1153 etiam
785 1085 954 1171 perducta,
987 1089 1099 1150 natant
1120 1080 1288 1166 quaedam.

228 1193 279 1256 43.
302 1189 384 1254 Item
406 1185 526 1269 dicunt,
550 1208 621 1254 cum
643 1188 686 1254 sit
706 1188 811 1255 simile
831 1187 954 1255 Stultus
970 1187 1090 1253 Luscus
1113 1192 1146 1252 et
1167 1182 1291 1250 dicetur
1313 1186 1332 1264 ξ
1355 1187 1396 1248 72

146 1290 268 1357 Stultus
291 1288 423 1356 Stultior
445 1288 673 1373 Stultissimus,
695 1311 760 1357 non
782 1288 846 1356 dici
869 1290 988 1356 Luscus
1011 1286 1142 1354 Luscior
1164 1282 1287 1352 Luscio-

94 1393 260 1474 lusimus,
294 1391 342 1457 sio
369 1391 402 1456 in
432 1390 493 1457 boe
522 1409 639 1474 genere
668 1393 776 1458 multa.
821 1389 873 1457 Ad
896 1410 978 1473 quae
1000 1389 1071 1456 dico
1093 1388 1128 1454 id
1151 1407 1189 1455 eo
1210 1386 1289 1468 fieri,

146 1492 232 1576 quod
254 1497 373 1562 natura.
388 1511 483 1559 nemo
505 1494 593 1561 lusco
616 1494 719 1578 magis
740 1492 783 1560 sit
810 1494 934 1574 luscus,
969 1512 1039 1559 cum
1067 1489 1192 1557 stultior
1220 1485 1291 1553 fieri

144 1594 300 1662 videatur.

231 1701 282 1763 44.
305 1694 399 1774 Quod
421 1701 535 1779 rogant
556 1715 612 1761 cur
635 1695 777 1764 dicamus
792 1698 896 1781 Mane,
921 1692 1002 1783 [oon]
1025 1694 1149 1762 Manius
1172 1691 1287 1758 Manis·
1311 1699 1329 1772 ξ
1354 1697 1394 1758 73

145 1799 242 1882 sime,
265 1795 342 1864 item
365 1796 407 1863 de
429 1796 572 1881 vesperi,
594 1797 627 1863 in
648 1802 790 1883 tempore
813 1817 889 1865 vere
911 1798 1014 1883 magis
1038 1803 1071 1864 et
1093 1795 1196 1863 minus
1219 1812 1290 1861 esse

92 1915 122 1966 ιι
145 1920 209 1967 non
230 1902 352 1985 potest,
374 1902 450 1964 ante
473 1904 505 1964 et
527 1904 601 1982 post
621 1903 740 1983 potest,
774 1900 883 1981 itaque
905 1900 993 1984 prius
1015 1905 1065 1966 est
1086 1898 1166 1966 hora
1186 1896 1290 1983 prima

146 2020 242 2084 quam
271 1999 428 2084 secunda,
461 2019 525 2066 non
548 2001 649 2083 magis
672 2001 759 2066 hora.
810 2000 876 2067 Sed
904 2002 1007 2084 magis
1036 2020 1129 2068 mane
1160 2018 1291 2084 surgere

145 2109 252 2170 tamen
280 2100 395 2169 dicitur
430 2099 486 2185 qui
510 2101 618 2185 primo,
641 2121 734 2168 mane
763 2101 864 2185 surgit
891 2121 987 2184 quam
1010 2103 1065 2186 qui
1087 2123 1150 2169 non
1170 2099 1445 2186 primmosnsso

146 2210 182 2272 ut
204 2203 289 2273 enim
311 2202 382 2270 dies
404 2222 467 2270 non
489 2208 595 2286 potest
624 2223 695 2270 esse
724 2204 827 2287 magis
857 2223 953 2286 quam
977 2255 983 2270 .
1007 2253 1014 2270 .
1037 2224 1147 2287 mane3
1181 2203 1292 2284 itaque

145 2307 251 2391 ipsum
273 2305 335 2373 hoc
356 2303 442 2388 quod
465 2304 578 2373 dicitur
600 2307 703 2388 magis
732 2305 795 2372 sibi
820 2326 883 2372 non
906 2311 1045 2390 constat,
1079 2301 1164 2388 quod
1188 2303 1291 2384 magIs

93 2421 122 2472 ao
146 2427 239 2476 mane
272 2405 431 2490 significat
463 2409 599 2493 primum
633 2427 741 2491 mane,
778 2410 880 2492 magis
913 2427 1048 2492 vespere
1080 2404 1290 2474 novissimum

144 2531 268 2596 vesper.

145 2711 337 2782 Scioppius.
352 2706 429 2775 ‘fort
446 2710 594 2767 Faustinos
612 2711 715 2780 dicunt,
732 2725 789 2766 non
807 2708 985 2766 Faustianos'
1005 2709 1076 2781 LSp.
1095 2741 1128 2751 -
1148 2716 1161 2766 1
1181 2711 1293 2781 sillabas

144 2798 176 2853 F.
196 2828 229 2838 —
248 2795 407 2865 laquiliani
425 2811 497 2851 corr.
516 2812 554 2851 ex
571 2795 733 2865 aquiliniani
750 2795 782 2849 F.
801 2826 835 2834 —
854 2795 1011 2861 Caeciliani]
1028 2795 1114 2864 vulg.
1133 2811 1171 2851 cx
1188 2796 1211 2850 B
1229 2796 1294 2850 cdd.

140 2887 208 2955 post
224 2879 377 2952 Aquiliani,
395 2887 459 2935 onte
475 2880 616 2949 Aquiliani
631 2882 703 2952 LSp.
723 2912 756 2920 —
773 2880 1019 2944 enlmadvertunto]
1037 2881 1150 2952 corrpci,
1169 2881 1294 2936 animad-

144 2970 253 3023 vertant
267 2964 362 3034 vulg,
381 2964 599 3021 animadvertunt
615 2965 712 3020 Fcum
729 2967 833 3020 ceteris.
851 2996 886 3006 -
904 2970 919 3019 3
933 2964 1059 3021 casellius
1072 2964 1230 3037 FHMVp,
1248 2983 1295 3022 ca·

146 3052 228 3108 selius
247 3051 296 3107 Ga
314 3051 456 3118 Laetus,
474 3064 546 3104 corr.
559 3051 644 3120 vulg.
664 3081 698 3091 -
716 3050 827 3106 cecilius
840 3050 872 3119 F,
891 3067 941 3105 om.
954 3066 981 3121 p.
1000 3081 1033 3090 -
1051 3049 1208 3106 sicennam
1225 3051 1296 3106 iodi-

145 3139 217 3194 cacit
233 3137 304 3206 LSp,
328 3151 410 3207 quom
428 3135 495 3191 bene
512 3137 551 3191 sic
568 3136 690 3208 explevit
705 3136 845 3192 Mllller:
872 3135 1007 3205 Faustus,
1031 3135 1145 3205 quodsi
1163 3140 1244 3192 esset.
1264 3165 1297 3174 —

145 3207 253 3296 faustis
266 3239 298 3292 F.
317 3268 350 3276 —
368 3237 543 3303 Faustianos]
558 3237 725 3294 Faustianos
742 3238 834 3307 potius
852 3254 932 3308 quam
944 3238 1102 3294 Faustinios
1114 3238 1200 3306 vulg.
1214 3253 1252 3292 cco
1263 3238 1295 3292 B.

140 3356 179 3399 ¹—
197 3323 246 3388 sic]
265 3323 289 3376 si
306 3322 338 3390 F,
356 3338 427 3376 corr.
447 3322 486 3389 M,
504 3323 644 3379 Laetus.
664 3353 698 3363 -
715 3318 983 3395 a's‘cipionc''quidam
1000 3330 1032 3379 ut
1048 3323 1100 3378 vid.
1114 3323 1136 3376 F
1149 3322 1229 3388 (Keil)
1249 3322 1299 3391 qui

146 3407 232 3463 coluit
245 3407 345 3476 optnor
357 3406 467 3474 quidam
479 3423 497 3462 a
508 3407 643 3477 Scipione,
666 3408 743 3478 quod
759 3410 788 3463 io
800 3408 875 3464 nullo
889 3409 944 3464 alio
957 3408 1026 3463 libro
1038 3413 1138 3463 exstat.
1155 3436 1189 3446 —
1208 3411 1222 3460 5
1243 3406 1296 3461 sci-

141 3490 254 3562 'pIonios
266 3490 353 3559 vulg.
368 3505 405 3544 ex
416 3491 448 3544 B.
466 3521 500 3529 -
519 3486 625 3554 l‘fort.
645 3491 846 3562 cognominata’
865 3493 936 3563 LSp.
954 3523 989 3533 -
1006 3493 1148 3561 quaedam]
1161 3499 1229 3564 post
1246 3489 1297 3546 boc

148 3577 274 3631 laconum
290 3575 384 3646 posent
399 3575 534 3629 Muller.
562 3606 593 3614 —
623 3581 653 3631 lb
672 3577 702 3631 id
719 3583 761 3642 eo]
778 3579 856 3647 LSp,
882 3578 944 3632 ideo
963 3576 995 3630 F.
1010 3570 1071 3631 ‘cccl
1085 3577 1155 3647 fort.
1173 3574 1203 3630 id
1219 3569 1294 3631 ideo’

147 3661 218 3730 LSp.
237 3689 271 3697 —
291 3662 319 3713 11
340 3657 384 3723 sit]
398 3652 478 3728 ‘fort
495 3655 539 3714 fit'
553 3660 626 3732 LSp.
645 3693 677 3702 -
696 3668 727 3719 13
744 3667 809 3726 non]
828 3662 891 3716 add.
905 3661 990 3730 vulg.
1003 3668 1073 3733 post
1090 3676 1147 3729 cur,
1166 3677 1217 3731 eqo
1230 3664 1299 3732 post

147 3746 186 3815 F,
212 3759 300 3799 mane.
323 3736 404 3812 ‘fort
422 3759 502 3799 mane
523 3760 575 3801 nec
597 3744 715 3802 munius'
741 3747 812 3817 LSp.
839 3776 873 3786 -
901 3750 932 3800 14
950 3746 1056 3817 vesperi
1079 3746 1118 3812 in]
1140 3744 1297 3816 uespertino

147 3847 218 3886 corr.
236 3829 369 3900 Popma.
388 3858 422 3867 —
442 3832 473 3882 16
491 3829 576 3898 magIs
594 3832 671 3897 hora]
686 3824 766 3889 ‘hora
783 3827 916 3887 abundat’
935 3831 1007 3901 LSp.
1025 3860 1059 3870 -
1079 3836 1109 3886 17
1128 3846 1183 3886 non
1199 3830 1297 3900 primo]

148 3908 362 3986 Stephanus,
390 3911 524 3968 Mllller.
552 3931 607 3971 non
629 3916 706 3986 prlor
722 3917 754 3972 F.
775 3911 856 3988 ‘fort
874 3916 961 3985 surgit
977 3916 1054 3986 prior
1071 3931 1152 3985 quam
1170 3913 1216 3983 qui
1233 3929 1298 3982 non,

148 4001 202 4056 nisi
217 4001 311 4072 polius
328 3997 380 4053 dcl.
398 4013 478 4068 quam
496 3999 543 4068 qui
559 4016 615 4055 non
632 3997 720 4072 prior’
732 4003 804 4073 LSp.
822 4033 857 4041 —
876 4000 907 4057 1s'
919 4005 949 4057 at
961 4000 1032 4056 enim
1043 4000 1181 4068 Muller,
1199 3999 1300 4056 etenim

150 4084 276 4141 Christ.
303 4115 338 4124 -
363 4082 448 4152 magis
466 4100 548 4153 quam
564 4091 652 4151 mane]
670 4087 702 4142 F.
721 4087 848 4144 lacunam
871 4085 1002 4142 indicabit
1022 4086 1084 4155 LSp
1108 4085 1148 4138 sic
1170 4084 1298 4157 expleas:

148 4169 233 4239 magis
251 4185 332 4240 quam
349 4168 426 4238 (dies,
445 4168 484 4224 sic
502 4185 581 4225 mune
598 4186 655 4226 non
671 4171 756 4241 magis
774 4174 864 4242 quam)
875 4186 963 4227 mane.
983 4171 1058 4239 coos.
1072 4170 1188 4226 Christ
1199 4169 1298 4227 Philol.

149 4252 223 4320 XVI,
241 4259 299 4320 455,
317 4253 380 4324 LSp
398 4253 485 4323 XVII,
504 4258 562 4310 290.
581 4286 615 4296 -
634 4258 666 4310 20
680 4250 760 4329 ‘sort
779 4256 954 4313 novissimum
971 4253 1094 4324 vespere’
1113 4255 1184 4325 LSp.
