<?xml version="1.0" encoding="UTF-8"?>
<!DOCTYPE html PUBLIC "-//W3C//DTD XHTML 1.0 Transitional//EN"
    "http://www.w3.org/TR/xhtml1/DTD/xhtml1-transitional.dtd">
<html xmlns="http://www.w3.org/1999/xhtml" xml:lang="en" lang="en">
 <head>
  <title>
</title>
<meta http-equiv="Content-Type" content="text/html;charset=utf-8" />
  <meta name='ocr-system' content='tesseract 3.04.00' />
  <meta name='ocr-capabilities' content='ocr_page ocr_carea ocr_par ocr_line ocrx_word'/>
</head>
<body>
  <div class='ocr_page' id='page_1' title='image "./mterentivarroni00varrgoog_0087.png"; bbox 0 0 3038 5048; ppageno 0'>
   <div class='ocr_carea' id='block_1_1' title="bbox 237 285 877 346">
    <p class='ocr_par' dir='ltr' id='par_1_1' title="bbox 237 285 877 346">
     <span class='ocr_line' id='line_1_1' title="bbox 237 285 877 346; baseline -0.011 0"><span class='ocrx_word' id='word_1_1' title='bbox 237 305 324 346; x_wconf 78' lang='lat' dir='ltr'>nxxvr</span> <span class='ocrx_word' id='word_1_2' title='bbox 740 285 877 339; x_wconf 74' lang='lat' dir='ltr'>Praefmio.</span> 
     </span>
    </p>
   </div>
   <div class='ocr_carea' id='block_1_2' title="bbox 238 458 1446 4001">
    <p class='ocr_par' dir='ltr' id='par_1_2' title="bbox 238 458 1446 2141">
     <span class='ocr_line' id='line_1_2' title="bbox 240 458 1394 536; baseline -0.003 -13"><span class='ocrx_word' id='word_1_3' title='bbox 240 480 332 523; x_wconf 91' lang='lat' dir='ltr'>omnes</span> <span class='ocrx_word' id='word_1_4' title='bbox 365 462 461 519; x_wconf 88' lang='lat' dir='ltr'>Naevio</span> <span class='ocrx_word' id='word_1_5' title='bbox 494 459 697 536; x_wconf 80' lang='lat' dir='ltr'>applauderent.</span> <span class='ocrx_word' id='word_1_6' title='bbox 742 458 851 517; x_wconf 89' lang='lat' dir='ltr'>luvenili</span> <span class='ocrx_word' id='word_1_7' title='bbox 880 459 969 517; x_wconf 91' lang='lat' dir='ltr'>studio</span> <span class='ocrx_word' id='word_1_8' title='bbox 999 458 1148 533; x_wconf 72' lang='lat' dir='ltr'>duetus‚*)</span> <span class='ocrx_word' id='word_1_9' title='bbox 1182 460 1229 534; x_wconf 88' lang='lat' dir='ltr'>qui</span> <span class='ocrx_word' id='word_1_10' title='bbox 1257 467 1394 519; x_wconf 81' lang='lat' dir='ltr'>vetustam</span> 
     </span>
     <span class='ocr_line' id='line_1_3' title="bbox 239 543 1394 619; baseline -0.003 -13"><span class='ocrx_word' id='word_1_11' title='bbox 239 551 380 608; x_wconf 92' lang='lat' dir='ltr'>lectionem</span> <span class='ocrx_word' id='word_1_12' title='bbox 408 546 530 611; x_wconf 86' lang='lat' dir='ltr'>restitui,</span> <span class='ocrx_word' id='word_1_13' title='bbox 564 544 633 601; x_wconf 93' lang='lat' dir='ltr'>male</span> <span class='ocrx_word' id='word_1_14' title='bbox 660 554 756 619; x_wconf 91' lang='lat' dir='ltr'>poetae</span> <span class='ocrx_word' id='word_1_15' title='bbox 784 561 842 602; x_wconf 89' lang='lat' dir='ltr'>esse</span> <span class='ocrx_word' id='word_1_16' title='bbox 870 561 938 618; x_wconf 89' lang='lat' dir='ltr'>quae</span> <span class='ocrx_word' id='word_1_17' title='bbox 967 543 1094 601; x_wconf 84' lang='lat' dir='ltr'>Varronis</span> <span class='ocrx_word' id='word_1_18' title='bbox 1122 553 1187 601; x_wconf 93' lang='lat' dir='ltr'>sunt</span> <span class='ocrx_word' id='word_1_19' title='bbox 1215 544 1297 602; x_wconf 88' lang='lat' dir='ltr'>verba</span> <span class='ocrx_word' id='word_1_20' title='bbox 1329 545 1394 602; x_wconf 82' lang='lat' dir='ltr'>tinxi</span> 
     </span>
     <span class='ocr_line' id='line_1_4' title="bbox 238 628 1393 707; baseline -0.002 -17"><span class='ocrx_word' id='word_1_21' title='bbox 238 635 368 707; x_wconf 71' lang='lat' dir='ltr'>frondem</span> <span class='ocrx_word' id='word_1_22' title='bbox 390 647 424 688; x_wconf 93' lang='lat' dir='ltr'>ac</span> <span class='ocrx_word' id='word_1_23' title='bbox 444 631 529 701; x_wconf 67' lang='lat' dir='ltr'>liores</span> <span class='ocrx_word' id='word_1_24' title='bbox 552 631 669 696; x_wconf 75' lang='lat' dir='ltr'><strong><em>addidit,</em></strong></span> <span class='ocrx_word' id='word_1_25' title='bbox 693 647 743 687; x_wconf 90' lang='lat' dir='ltr'>neo</span> <span class='ocrx_word' id='word_1_26' title='bbox 765 629 859 686; x_wconf 87' lang='lat' dir='ltr'>lliiller</span> <span class='ocrx_word' id='word_1_27' title='bbox 882 630 1001 686; x_wconf 75' lang='lat' dir='ltr'>mumvit.</span> <span class='ocrx_word' id='word_1_28' title='bbox 1030 637 1110 703; x_wconf 89' lang='lat' dir='ltr'>poeta</span> <span class='ocrx_word' id='word_1_29' title='bbox 1134 628 1231 687; x_wconf 76' lang='lat' dir='ltr'>infulas</span> <span class='ocrx_word' id='word_1_30' title='bbox 1258 647 1393 688; x_wconf 83' lang='lat' dir='ltr'>exornans</span> 
     </span>
     <span class='ocr_line' id='line_1_5' title="bbox 239 716 518 793; baseline -0.022 -16"><span class='ocrx_word' id='word_1_31' title='bbox 239 719 377 793; x_wconf 83' lang='lat' dir='ltr'><strong>scripsisse</strong></span> <span class='ocrx_word' id='word_1_32' title='bbox 398 716 518 773; x_wconf 89' lang='lat' dir='ltr'>videtur:</span> 
     </span>
     <span class='ocr_line' id='line_1_6' title="bbox 487 797 1123 869; baseline -0.005 -13"><span class='ocrx_word' id='word_1_33' title='bbox 487 816 545 856; x_wconf 91' lang='lat' dir='ltr'>non</span> <span class='ocrx_word' id='word_1_34' title='bbox 567 801 637 856; x_wconf 87' lang='lat' dir='ltr'>lona</span> <span class='ocrx_word' id='word_1_35' title='bbox 658 799 708 855; x_wconf 83' lang='lat' dir='ltr'>sed</span> <span class='ocrx_word' id='word_1_36' title='bbox 728 800 838 855; x_wconf 85' lang='lat' dir='ltr'>celatas</span> <span class='ocrx_word' id='word_1_37' title='bbox 859 797 1003 869; x_wconf 73' lang='lat' dir='ltr'><strong><em>frondenti</em></strong></span> <span class='ocrx_word' id='word_1_38' title='bbox 1025 813 1123 869; x_wconf 83' lang='lat' dir='ltr'>coeno,·</span> 
     </span>
     <span class='ocr_line' id='line_1_7' title="bbox 243 882 1393 963; baseline -0.001 -19"><span class='ocrx_word' id='word_1_39' title='bbox 243 890 334 963; x_wconf 92' lang='lat' dir='ltr'>priora</span> <span class='ocrx_word' id='word_1_40' title='bbox 356 902 417 942; x_wconf 92' lang='lat' dir='ltr'>sana</span> <span class='ocrx_word' id='word_1_41' title='bbox 440 901 490 941; x_wconf 93' lang='lat' dir='ltr'>nec</span> <span class='ocrx_word' id='word_1_42' title='bbox 516 884 656 956; x_wconf 76' lang='lat' dir='ltr'>insulatas</span> <span class='ocrx_word' id='word_1_43' title='bbox 684 883 806 948; x_wconf 81' lang='lat' dir='ltr'>doctior,</span> <span class='ocrx_word' id='word_1_44' title='bbox 840 884 914 957; x_wconf 85' lang='lat' dir='ltr'>quod</span> <span class='ocrx_word' id='word_1_45' title='bbox 945 882 1041 940; x_wconf 87' lang='lat' dir='ltr'>lliiller</span> <span class='ocrx_word' id='word_1_46' title='bbox 1070 883 1159 948; x_wconf 88' lang='lat' dir='ltr'><strong><em>dedit,</em></strong></span> <span class='ocrx_word' id='word_1_47' title='bbox 1194 884 1393 958; x_wconf 88' lang='lat' dir='ltr'>corrigendum.</span> 
     </span>
     <span class='ocr_line' id='line_1_8' title="bbox 240 968 1395 1044; baseline -0.003 -15"><span class='ocrx_word' id='word_1_48' title='bbox 240 975 341 1030; x_wconf 90' lang='lat' dir='ltr'>incerta</span> <span class='ocrx_word' id='word_1_49' title='bbox 369 987 432 1025; x_wconf 90' lang='lat' dir='ltr'>vero</span> <span class='ocrx_word' id='word_1_50' title='bbox 461 977 525 1024; x_wconf 91' lang='lat' dir='ltr'>sant</span> <span class='ocrx_word' id='word_1_51' title='bbox 553 986 621 1042; x_wconf 91' lang='lat' dir='ltr'>quae</span> <span class='ocrx_word' id='word_1_52' title='bbox 649 976 817 1042; x_wconf 87' lang='lat' dir='ltr'>sequuntur;</span> <span class='ocrx_word' id='word_1_53' title='bbox 852 984 907 1023; x_wconf 94' lang='lat' dir='ltr'>non</span> <span class='ocrx_word' id='word_1_54' title='bbox 936 984 1036 1025; x_wconf 85' lang='lat' dir='ltr'>novum</span> <span class='ocrx_word' id='word_1_55' title='bbox 1066 976 1108 1025; x_wconf 87' lang='lat' dir='ltr'>est</span> <span class='ocrx_word' id='word_1_56' title='bbox 1135 968 1285 1042; x_wconf 83' lang='lat' dir='ltr'>exemplum</span> <span class='ocrx_word' id='word_1_57' title='bbox 1318 969 1395 1044; x_wconf 89' lang='lat' dir='ltr'>quod</span> 
     </span>
     <span class='ocr_line' id='line_1_9' title="bbox 240 1053 1209 1129; baseline -0.006 -15"><span class='ocrx_word' id='word_1_58' title='bbox 240 1058 334 1116; x_wconf 85' lang='lat' dir='ltr'>littller</span> <span class='ocrx_word' id='word_1_59' title='bbox 355 1053 526 1129; x_wconf 82' lang='lat' dir='ltr'>excogitavit:</span> <span class='ocrx_word' id='word_1_60' title='bbox 1205 1056 1209 1063; x_wconf 82' lang='grc'><em>’</em></span> 
     </span>
     <span class='ocr_line' id='line_1_10' title="bbox 507 1136 1100 1200; baseline -0.003 -8"><span class='ocrx_word' id='word_1_61' title='bbox 507 1138 539 1193; x_wconf 86' lang='lat' dir='ltr'>in</span> <span class='ocrx_word' id='word_1_62' title='bbox 561 1143 726 1192; x_wconf 82' lang='lat' dir='ltr'>coronatam</span> <span class='ocrx_word' id='word_1_63' title='bbox 750 1144 862 1192; x_wconf 82' lang='lat' dir='ltr'>tauram</span> <span class='ocrx_word' id='word_1_64' title='bbox 884 1136 1100 1200; x_wconf 79' lang='lat' dir='ltr'>ambroniaci,</span> 
     </span>
     <span class='ocr_line' id='line_1_11' title="bbox 243 1219 1396 1297; baseline 0.002 -19"><span class='ocrx_word' id='word_1_65' title='bbox 243 1239 293 1278; x_wconf 91' lang='lat' dir='ltr'>nea</span> <span class='ocrx_word' id='word_1_66' title='bbox 314 1219 427 1293; x_wconf 83' lang='lat' dir='ltr'>intelligi</span> <span class='ocrx_word' id='word_1_67' title='bbox 449 1228 552 1295; x_wconf 86' lang='lat' dir='ltr'>potest,</span> <span class='ocrx_word' id='word_1_68' title='bbox 587 1221 633 1277; x_wconf 91' lang='lat' dir='ltr'>sed</span> <span class='ocrx_word' id='word_1_69' title='bbox 663 1222 780 1278; x_wconf 90' lang='lat' dir='ltr'>eiusdem</span> <span class='ocrx_word' id='word_1_70' title='bbox 806 1219 918 1294; x_wconf 81' lang='lat' dir='ltr'>exempli</span> <span class='ocrx_word' id='word_1_71' title='bbox 940 1237 953 1276; x_wconf 94' lang='lat' dir='ltr'>a</span> <span class='ocrx_word' id='word_1_72' title='bbox 976 1220 1096 1277; x_wconf 88' lang='lat' dir='ltr'>Varrone</span> <span class='ocrx_word' id='word_1_73' title='bbox 1117 1238 1198 1296; x_wconf 90' lang='lat' dir='ltr'>supra</span> <span class='ocrx_word' id='word_1_74' title='bbox 1219 1223 1247 1278; x_wconf 92' lang='lat' dir='ltr'>in</span> <span class='ocrx_word' id='word_1_75' title='bbox 1269 1221 1301 1277; x_wconf 92' lang='lat' dir='ltr'>iis</span> <span class='ocrx_word' id='word_1_76' title='bbox 1324 1240 1396 1297; x_wconf 90' lang='lat' dir='ltr'>quae</span> 
     </span>
     <span class='ocr_line' id='line_1_12' title="bbox 244 1304 1396 1380; baseline 0 -17"><span class='ocrx_word' id='word_1_77' title='bbox 244 1306 429 1363; x_wconf 79' lang='lat' dir='ltr'>desiderantur</span> <span class='ocrx_word' id='word_1_78' title='bbox 451 1304 550 1361; x_wconf 91' lang='lat' dir='ltr'>laudati</span> <span class='ocrx_word' id='word_1_79' title='bbox 572 1305 685 1379; x_wconf 90' lang='lat' dir='ltr'>amplior</span> <span class='ocrx_word' id='word_1_80' title='bbox 706 1306 853 1380; x_wconf 80' lang='lat' dir='ltr'>expositio,</span> <span class='ocrx_word' id='word_1_81' title='bbox 889 1307 916 1361; x_wconf 92' lang='lat' dir='ltr'>in</span> <span class='ocrx_word' id='word_1_82' title='bbox 948 1323 1003 1379; x_wconf 91' lang='lat' dir='ltr'>quo</span> <span class='ocrx_word' id='word_1_83' title='bbox 1032 1314 1109 1362; x_wconf 89' lang='lat' dir='ltr'>crant</span> <span class='ocrx_word' id='word_1_84' title='bbox 1136 1305 1215 1362; x_wconf 90' lang='lat' dir='ltr'>verba</span> <span class='ocrx_word' id='word_1_85' title='bbox 1246 1316 1396 1364; x_wconf 76' lang='lat' dir='ltr'>comatam</span> 
     </span>
     <span class='ocr_line' id='line_1_13' title="bbox 242 1388 1398 1465; baseline 0.003 -19"><span class='ocrx_word' id='word_1_86' title='bbox 242 1391 369 1446; x_wconf 81' lang='lat' dir='ltr'>amiram</span> <span class='ocrx_word' id='word_1_87' title='bbox 390 1389 464 1455; x_wconf 90' lang='lat' dir='ltr'>iaci,</span> <span class='ocrx_word' id='word_1_88' title='bbox 487 1388 556 1446; x_wconf 89' lang='lat' dir='ltr'>male</span> <span class='ocrx_word' id='word_1_89' title='bbox 577 1399 703 1464; x_wconf 88' lang='lat' dir='ltr'>corrupta</span> <span class='ocrx_word' id='word_1_90' title='bbox 725 1391 753 1445; x_wconf 93' lang='lat' dir='ltr'>in</span> <span class='ocrx_word' id='word_1_91' title='bbox 776 1407 883 1446; x_wconf 82' lang='lat' dir='ltr'>corona</span> <span class='ocrx_word' id='word_1_92' title='bbox 905 1398 1030 1458; x_wconf 84' lang='lat' dir='ltr'>toarnm;</span> <span class='ocrx_word' id='word_1_93' title='bbox 1064 1391 1117 1446; x_wconf 92' lang='lat' dir='ltr'>hoc</span> <span class='ocrx_word' id='word_1_94' title='bbox 1138 1407 1207 1465; x_wconf 85' lang='lat' dir='ltr'>quae</span> <span class='ocrx_word' id='word_1_95' title='bbox 1228 1393 1398 1465; x_wconf 88' lang='lat' dir='ltr'>praecedunt</span> 
     </span>
     <span class='ocr_line' id='line_1_14' title="bbox 242 1474 1396 1548; baseline 0.003 -18"><span class='ocrx_word' id='word_1_96' title='bbox 242 1474 369 1537; x_wconf 81' lang='lat' dir='ltr'>suadent,</span> <span class='ocrx_word' id='word_1_97' title='bbox 402 1483 430 1531; x_wconf 93' lang='lat' dir='ltr'>et</span> <span class='ocrx_word' id='word_1_98' title='bbox 450 1474 584 1548; x_wconf 79' lang='lat' dir='ltr'>glossator</span> <span class='ocrx_word' id='word_1_99' title='bbox 606 1476 678 1531; x_wconf 89' lang='lat' dir='ltr'>Laeti</span> <span class='ocrx_word' id='word_1_100' title='bbox 700 1492 781 1548; x_wconf 89' lang='lat' dir='ltr'>supra</span> <span class='ocrx_word' id='word_1_101' title='bbox 802 1475 911 1546; x_wconf 68' lang='lat' dir='ltr'>insciae</span> <span class='ocrx_word' id='word_1_102' title='bbox 931 1476 1010 1531; x_wconf 86' lang='lat' dir='ltr'>intro</span> <span class='ocrx_word' id='word_1_103' title='bbox 1031 1474 1189 1531; x_wconf 69' lang='lat' dir='ltr'>lesdarum</span> <span class='ocrx_word' id='word_1_104' title='bbox 1211 1492 1321 1533; x_wconf 76' lang='lat' dir='ltr'>coenem</span> <span class='ocrx_word' id='word_1_105' title='bbox 1342 1494 1396 1533; x_wconf 88' lang='lat' dir='ltr'>oe·</span> 
     </span>
     <span class='ocr_line' id='line_1_15' title="bbox 244 1558 1397 1633; baseline 0.003 -18"><span class='ocrx_word' id='word_1_106' title='bbox 244 1559 367 1615; x_wconf 82' lang='lat' dir='ltr'>lamenta</span> <span class='ocrx_word' id='word_1_107' title='bbox 390 1567 473 1616; x_wconf 84' lang='lat' dir='ltr'>oront</span> <span class='ocrx_word' id='word_1_108' title='bbox 494 1561 614 1616; x_wconf 88' lang='lat' dir='ltr'>inserens</span> <span class='ocrx_word' id='word_1_109' title='bbox 636 1559 796 1616; x_wconf 82' lang='lat' dir='ltr'>intellexisse</span> <span class='ocrx_word' id='word_1_110' title='bbox 818 1561 932 1616; x_wconf 89' lang='lat' dir='ltr'>videtur.</span> <span class='ocrx_word' id='word_1_111' title='bbox 969 1569 1000 1616; x_wconf 92' lang='lat' dir='ltr'>ut</span> <span class='ocrx_word' id='word_1_112' title='bbox 1021 1558 1181 1617; x_wconf 87' lang='lat' dir='ltr'>vocabulum</span> <span class='ocrx_word' id='word_1_113' title='bbox 1203 1561 1333 1633; x_wconf 82' lang='lat' dir='ltr'>agrestis,</span> <span class='ocrx_word' id='word_1_114' title='bbox 1356 1563 1397 1620; x_wconf 91' lang='lat' dir='ltr'>sic</span> 
     </span>
     <span class='ocr_line' id='line_1_16' title="bbox 244 1643 1395 1718; baseline 0.004 -18"><span class='ocrx_word' id='word_1_115' title='bbox 244 1645 294 1701; x_wconf 88' lang='lat' dir='ltr'>alia</span> <span class='ocrx_word' id='word_1_116' title='bbox 318 1661 386 1718; x_wconf 91' lang='lat' dir='ltr'>quae</span> <span class='ocrx_word' id='word_1_117' title='bbox 407 1646 434 1700; x_wconf 94' lang='lat' dir='ltr'>in</span> <span class='ocrx_word' id='word_1_118' title='bbox 456 1644 507 1700; x_wconf 85' lang='lat' dir='ltr'>illis</span> <span class='ocrx_word' id='word_1_119' title='bbox 529 1643 649 1701; x_wconf 88' lang='lat' dir='ltr'>versibus</span> <span class='ocrx_word' id='word_1_120' title='bbox 670 1645 783 1707; x_wconf 81' lang='lat' dir='ltr'>inerant,</span> <span class='ocrx_word' id='word_1_121' title='bbox 807 1661 881 1700; x_wconf 92' lang='lat' dir='ltr'>more</span> <span class='ocrx_word' id='word_1_122' title='bbox 903 1661 952 1700; x_wconf 92' lang='lat' dir='ltr'>suo</span> <span class='ocrx_word' id='word_1_123' title='bbox 976 1644 1102 1717; x_wconf 83' lang='lat' dir='ltr'>explicat,</span> <span class='ocrx_word' id='word_1_124' title='bbox 1128 1644 1200 1701; x_wconf 86' lang='lat' dir='ltr'>conl.</span> <span class='ocrx_word' id='word_1_125' title='bbox 1224 1646 1243 1718; x_wconf 65' lang='grc' dir='ltr'><strong>ξ</strong></span> <span class='ocrx_word' id='word_1_126' title='bbox 1268 1649 1318 1711; x_wconf 88' lang='grc'>44,</span> <span class='ocrx_word' id='word_1_127' title='bbox 1343 1651 1395 1710; x_wconf 82' lang='lat'>50.</span> 
     </span>
     <span class='ocr_line' id='line_1_17' title="bbox 245 1725 1398 1795; baseline 0 -6"><span class='ocrx_word' id='word_1_128' title='bbox 245 1731 300 1795; x_wconf 88' lang='grc'>87,</span> <span class='ocrx_word' id='word_1_129' title='bbox 325 1732 376 1788; x_wconf 88' lang='grc'>96.</span> <span class='ocrx_word' id='word_1_130' title='bbox 418 1730 516 1785; x_wconf 86' lang='lat' dir='ltr'><strong><em>Deinde</em></strong></span> <span class='ocrx_word' id='word_1_131' title='bbox 545 1730 572 1784; x_wconf 87' lang='lat' dir='ltr'>in</span> <span class='ocrx_word' id='word_1_132' title='bbox 602 1745 750 1785; x_wconf 78' lang='lat' dir='ltr'>coenoman</span> <span class='ocrx_word' id='word_1_133' title='bbox 784 1725 823 1783; x_wconf 75' lang='lat' dir='ltr'>Ac</span> <span class='ocrx_word' id='word_1_134' title='bbox 852 1729 935 1786; x_wconf 90' lang='lat' dir='ltr'>latere</span> <span class='ocrx_word' id='word_1_135' title='bbox 969 1745 1067 1785; x_wconf 85' lang='lat' dir='ltr'>corvo.</span> <span class='ocrx_word' id='word_1_136' title='bbox 1096 1727 1195 1786; x_wconf 82' lang='lat' dir='ltr'>Mosae</span> <span class='ocrx_word' id='word_1_137' title='bbox 1223 1730 1264 1786; x_wconf 87' lang='lat' dir='ltr'>vel</span> <span class='ocrx_word' id='word_1_138' title='bbox 1293 1729 1398 1789; x_wconf 76' lang='lat' dir='ltr'>tinae</span> 
     </span>
     <span class='ocr_line' id='line_1_18' title="bbox 244 1813 1398 1891; baseline 0.003 -21"><span class='ocrx_word' id='word_1_139' title='bbox 244 1813 362 1887; x_wconf 81' lang='lat' dir='ltr'>Scaliger</span> <span class='ocrx_word' id='word_1_140' title='bbox 390 1814 540 1887; x_wconf 81' lang='lat' dir='ltr'>perspexit,</span> <span class='ocrx_word' id='word_1_141' title='bbox 576 1814 623 1870; x_wconf 91' lang='lat' dir='ltr'>sed</span> <span class='ocrx_word' id='word_1_142' title='bbox 651 1814 832 1871; x_wconf 84' lang='lat' dir='ltr'>hexametrum</span> <span class='ocrx_word' id='word_1_143' title='bbox 860 1813 966 1887; x_wconf 80' lang='lat' dir='ltr'>explere</span> <span class='ocrx_word' id='word_1_144' title='bbox 994 1830 1048 1869; x_wconf 93' lang='lat' dir='ltr'>non</span> <span class='ocrx_word' id='word_1_145' title='bbox 1078 1813 1204 1888; x_wconf 83' lang='lat' dir='ltr'>contigit3</span> <span class='ocrx_word' id='word_1_146' title='bbox 1243 1831 1303 1871; x_wconf 91' lang='lat' dir='ltr'>nam</span> <span class='ocrx_word' id='word_1_147' title='bbox 1327 1833 1398 1891; x_wconf 89' lang='lat' dir='ltr'>quae</span> 
     </span>
     <span class='ocr_line' id='line_1_19' title="bbox 246 1898 1446 1970; baseline 0.003 -17"><span class='ocrx_word' id='word_1_148' title='bbox 246 1898 318 1954; x_wconf 91' lang='lat' dir='ltr'>docti</span> <span class='ocrx_word' id='word_1_149' title='bbox 357 1898 544 1970; x_wconf 80' lang='lat' dir='ltr'>excogitarunt</span> <span class='ocrx_word' id='word_1_150' title='bbox 575 1908 725 1955; x_wconf 92' lang='lat' dir='ltr'>memoratu</span> <span class='ocrx_word' id='word_1_151' title='bbox 754 1900 832 1970; x_wconf 82' lang='lat' dir='ltr'>digna</span> <span class='ocrx_word' id='word_1_152' title='bbox 861 1915 916 1954; x_wconf 94' lang='lat' dir='ltr'>non</span> <span class='ocrx_word' id='word_1_153' title='bbox 951 1907 1028 1964; x_wconf 91' lang='lat' dir='ltr'>sunt,</span> <span class='ocrx_word' id='word_1_154' title='bbox 1062 1899 1115 1955; x_wconf 88' lang='lat' dir='ltr'>vid.</span> <span class='ocrx_word' id='word_1_155' title='bbox 1139 1899 1248 1956; x_wconf 87' lang='lat' dir='ltr'>Vahlen.</span> <span class='ocrx_word' id='word_1_156' title='bbox 1292 1902 1400 1959; x_wconf 87' lang='lat' dir='ltr'>accedit</span> <span class='ocrx_word' id='word_1_157' title='bbox 1443 1945 1446 1948; x_wconf 72' lang='lat'>.</span> 
     </span>
     <span class='ocr_line' id='line_1_20' title="bbox 244 1982 507 2057; baseline 0 -19"><span class='ocrx_word' id='word_1_158' title='bbox 244 1982 330 2057; x_wconf 87' lang='lat' dir='ltr'>Bergk</span> <span class='ocrx_word' id='word_1_159' title='bbox 353 1984 507 2057; x_wconf 91' lang='lat' dir='ltr'>corrigens:</span> 
     </span>
     <span class='ocr_line' id='line_1_21' title="bbox 394 2065 1188 2141; baseline -0.004 -15"><span class='ocrx_word' id='word_1_160' title='bbox 394 2067 495 2127; x_wconf 78' lang='lat' dir='ltr'>Mosae</span> <span class='ocrx_word' id='word_1_161' title='bbox 517 2085 588 2141; x_wconf 78' lang='lat' dir='ltr'>qnos</span> <span class='ocrx_word' id='word_1_162' title='bbox 609 2075 764 2124; x_wconf 81' lang='lat' dir='ltr'>memorant</span> <span class='ocrx_word' id='word_1_163' title='bbox 788 2065 853 2123; x_wconf 86' lang='lat' dir='ltr'>Osci</span> <span class='ocrx_word' id='word_1_164' title='bbox 874 2068 1019 2139; x_wconf 79' lang='lat' dir='ltr'>nostrique</span> <span class='ocrx_word' id='word_1_165' title='bbox 1043 2066 1188 2132; x_wconf 85' lang='lat' dir='ltr'>Camenas,</span> 
     </span>
    </p>

    <p class='ocr_par' dir='ltr' id='par_1_3' title="bbox 245 2152 1399 2651">
     <span class='ocr_line' id='line_1_22' title="bbox 247 2152 1399 2227; baseline 0.004 -20"><span class='ocrx_word' id='word_1_166' title='bbox 247 2152 293 2226; x_wconf 90' lang='lat' dir='ltr'>qui</span> <span class='ocrx_word' id='word_1_167' title='bbox 314 2152 387 2209; x_wconf 88' lang='lat' dir='ltr'>unde</span> <span class='ocrx_word' id='word_1_168' title='bbox 408 2154 461 2210; x_wconf 91' lang='lat' dir='ltr'>hoc</span> <span class='ocrx_word' id='word_1_169' title='bbox 483 2155 596 2211; x_wconf 90' lang='lat' dir='ltr'>audierit</span> <span class='ocrx_word' id='word_1_170' title='bbox 618 2162 645 2210; x_wconf 89' lang='lat' dir='ltr'>et</span> <span class='ocrx_word' id='word_1_171' title='bbox 667 2154 728 2227; x_wconf 89' lang='lat' dir='ltr'>quid</span> <span class='ocrx_word' id='word_1_172' title='bbox 753 2153 867 2209; x_wconf 85' lang='lat' dir='ltr'>Ennium</span> <span class='ocrx_word' id='word_1_173' title='bbox 888 2161 919 2208; x_wconf 93' lang='lat' dir='ltr'>ut</span> <span class='ocrx_word' id='word_1_174' title='bbox 940 2153 1073 2208; x_wconf 84' lang='lat' dir='ltr'>Romanos</span> <span class='ocrx_word' id='word_1_175' title='bbox 1095 2153 1121 2208; x_wconf 91' lang='lat' dir='ltr'>id</span> <span class='ocrx_word' id='word_1_176' title='bbox 1144 2153 1253 2209; x_wconf 91' lang='lat' dir='ltr'>doceret</span> <span class='ocrx_word' id='word_1_177' title='bbox 1281 2156 1399 2212; x_wconf 87' lang='lat' dir='ltr'>moverit</span> 
     </span>
     <span class='ocr_line' id='line_1_23' title="bbox 247 2236 1397 2311; baseline 0.001 -17"><span class='ocrx_word' id='word_1_178' title='bbox 247 2237 351 2303; x_wconf 80' lang='lat' dir='ltr'>nesei03</span> <span class='ocrx_word' id='word_1_179' title='bbox 385 2238 509 2294; x_wconf 92' lang='lat' dir='ltr'>ultimum</span> <span class='ocrx_word' id='word_1_180' title='bbox 538 2255 631 2294; x_wconf 90' lang='lat' dir='ltr'>versus</span> <span class='ocrx_word' id='word_1_181' title='bbox 659 2237 819 2294; x_wconf 82' lang='lat' dir='ltr'>vocabulum</span> <span class='ocrx_word' id='word_1_182' title='bbox 850 2236 986 2293; x_wconf 84' lang='lat' dir='ltr'>Camenas</span> <span class='ocrx_word' id='word_1_183' title='bbox 1016 2245 1127 2311; x_wconf 91' lang='lat' dir='ltr'>propter</span> <span class='ocrx_word' id='word_1_184' title='bbox 1155 2254 1271 2310; x_wconf 89' lang='lat' dir='ltr'>sequens</span> <span class='ocrx_word' id='word_1_185' title='bbox 1298 2237 1397 2295; x_wconf 76' lang='lat' dir='ltr'>Came-</span> 
     </span>
     <span class='ocr_line' id='line_1_24' title="bbox 245 2321 1399 2398; baseline 0.002 -19"><span class='ocrx_word' id='word_1_186' title='bbox 245 2339 347 2379; x_wconf 79' lang='lat' dir='ltr'>nornen</span> <span class='ocrx_word' id='word_1_187' title='bbox 369 2324 535 2381; x_wconf 82' lang='lat' dir='ltr'>intercidisse</span> <span class='ocrx_word' id='word_1_188' title='bbox 555 2334 674 2398; x_wconf 88' lang='lat' dir='ltr'>apparet,</span> <span class='ocrx_word' id='word_1_189' title='bbox 699 2340 748 2380; x_wconf 93' lang='lat' dir='ltr'>nec</span> <span class='ocrx_word' id='word_1_190' title='bbox 770 2331 859 2380; x_wconf 89' lang='lat' dir='ltr'>cetera</span> <span class='ocrx_word' id='word_1_191' title='bbox 880 2322 955 2378; x_wconf 88' lang='lat' dir='ltr'>valde</span> <span class='ocrx_word' id='word_1_192' title='bbox 977 2331 1104 2396; x_wconf 82' lang='lat' dir='ltr'>corrupta</span> <span class='ocrx_word' id='word_1_193' title='bbox 1118 2321 1257 2386; x_wconf 66' lang='lat' dir='ltr'>videntum</span> <span class='ocrx_word' id='word_1_194' title='bbox 1280 2322 1399 2382; x_wconf 80' lang='lat' dir='ltr'>tortasse</span> 
     </span>
     <span class='ocr_line' id='line_1_25' title="bbox 246 2406 1399 2482; baseline 0.002 -18"><span class='ocrx_word' id='word_1_195' title='bbox 246 2408 297 2465; x_wconf 92' lang='lat' dir='ltr'>erit</span> <span class='ocrx_word' id='word_1_196' title='bbox 319 2409 365 2482; x_wconf 91' lang='lat' dir='ltr'>qui</span> <span class='ocrx_word' id='word_1_197' title='bbox 387 2411 444 2466; x_wconf 93' lang='lat' dir='ltr'>sine</span> <span class='ocrx_word' id='word_1_198' title='bbox 465 2409 614 2466; x_wconf 88' lang='lat' dir='ltr'>mutatione</span> <span class='ocrx_word' id='word_1_199' title='bbox 635 2409 675 2464; x_wconf 87' lang='lat' dir='ltr'>vel</span> <span class='ocrx_word' id='word_1_200' title='bbox 698 2408 789 2481; x_wconf 91' lang='lat' dir='ltr'>paucis</span> <span class='ocrx_word' id='word_1_201' title='bbox 811 2407 907 2462; x_wconf 92' lang='lat' dir='ltr'>additis</span> <span class='ocrx_word' id='word_1_202' title='bbox 928 2406 1023 2462; x_wconf 91' lang='lat' dir='ltr'>litteris</span> <span class='ocrx_word' id='word_1_203' title='bbox 1045 2415 1138 2479; x_wconf 89' lang='lat' dir='ltr'>aptum</span> <span class='ocrx_word' id='word_1_204' title='bbox 1160 2424 1268 2463; x_wconf 93' lang='lat' dir='ltr'>sensum</span> <span class='ocrx_word' id='word_1_205' title='bbox 1291 2408 1399 2466; x_wconf 91' lang='lat' dir='ltr'>elucere</span> 
     </span>
     <span class='ocr_line' id='line_1_26' title="bbox 246 2491 1396 2567; baseline 0.002 -19"><span class='ocrx_word' id='word_1_206' title='bbox 246 2509 342 2566; x_wconf 91' lang='lat' dir='ltr'>magno</span> <span class='ocrx_word' id='word_1_207' title='bbox 358 2493 502 2567; x_wconf 82' lang='lat' dir='ltr'>supercilio</span> <span class='ocrx_word' id='word_1_208' title='bbox 518 2510 568 2548; x_wconf 95' lang='lat' dir='ltr'>nos</span> <span class='ocrx_word' id='word_1_209' title='bbox 590 2502 706 2557; x_wconf 88' lang='lat' dir='ltr'>moneat,</span> <span class='ocrx_word' id='word_1_210' title='bbox 730 2491 777 2548; x_wconf 91' lang='lat' dir='ltr'>sed</span> <span class='ocrx_word' id='word_1_211' title='bbox 800 2509 895 2547; x_wconf 91' lang='lat' dir='ltr'>sanum</span> <span class='ocrx_word' id='word_1_212' title='bbox 918 2491 1047 2547; x_wconf 91' lang='lat' dir='ltr'>editorem</span> <span class='ocrx_word' id='word_1_213' title='bbox 1069 2491 1186 2564; x_wconf 90' lang='lat' dir='ltr'>argutias</span> <span class='ocrx_word' id='word_1_214' title='bbox 1209 2500 1316 2565; x_wconf 89' lang='lat' dir='ltr'>captare</span> <span class='ocrx_word' id='word_1_215' title='bbox 1339 2510 1396 2550; x_wconf 91' lang='lat' dir='ltr'>non</span> 
     </span>
     <span class='ocr_line' id='line_1_27' title="bbox 246 2575 1227 2651; baseline -0.002 -17"><span class='ocrx_word' id='word_1_216' title='bbox 246 2578 330 2642; x_wconf 87' lang='lat' dir='ltr'>decet,</span> <span class='ocrx_word' id='word_1_217' title='bbox 355 2578 381 2633; x_wconf 92' lang='lat' dir='ltr'>id</span> <span class='ocrx_word' id='word_1_218' title='bbox 403 2579 564 2651; x_wconf 88' lang='lat' dir='ltr'>interpretes</span> <span class='ocrx_word' id='word_1_219' title='bbox 587 2585 691 2640; x_wconf 87' lang='lat' dir='ltr'>curent,</span> <span class='ocrx_word' id='word_1_220' title='bbox 716 2576 813 2650; x_wconf 90' lang='lat' dir='ltr'>quihus</span> <span class='ocrx_word' id='word_1_221' title='bbox 835 2575 935 2650; x_wconf 91' lang='lat' dir='ltr'>aliquid</span> <span class='ocrx_word' id='word_1_222' title='bbox 958 2576 1059 2632; x_wconf 88' lang='lat' dir='ltr'>nescire</span> <span class='ocrx_word' id='word_1_223' title='bbox 1081 2575 1155 2632; x_wconf 83' lang='lat' dir='ltr'>nefas</span> <span class='ocrx_word' id='word_1_224' title='bbox 1177 2583 1227 2633; x_wconf 90' lang='lat' dir='ltr'>est.</span> 
     </span>
    </p>

    <p class='ocr_par' dir='ltr' id='par_1_4' title="bbox 242 2661 1400 3404">
     <span class='ocr_line' id='line_1_28' title="bbox 332 2661 1398 2735; baseline 0 -16"><span class='ocrx_word' id='word_1_225' title='bbox 332 2663 423 2729; x_wconf 69' lang='lat' dir='ltr'>§tu</span> <span class='ocrx_word' id='word_1_226' title='bbox 455 2662 536 2735; x_wconf 78' lang='lat' dir='ltr'>Apud</span> <span class='ocrx_word' id='word_1_227' title='bbox 556 2661 679 2717; x_wconf 82' lang='lat' dir='ltr'>Enniam</span> <span class='ocrx_word' id='word_1_228' title='bbox 701 2676 827 2733; x_wconf 78' lang='lat' dir='ltr'>paceque</span> <span class='ocrx_word' id='word_1_229' title='bbox 854 2662 886 2717; x_wconf 91' lang='lat' dir='ltr'>in</span> <span class='ocrx_word' id='word_1_230' title='bbox 914 2676 1031 2735; x_wconf 85' lang='lat' dir='ltr'>corpore</span> <span class='ocrx_word' id='word_1_231' title='bbox 1060 2676 1149 2716; x_wconf 90' lang='lat' dir='ltr'>cansa</span> <span class='ocrx_word' id='word_1_232' title='bbox 1178 2661 1289 2717; x_wconf 82' lang='lat' dir='ltr'>ceruleo</span> <span class='ocrx_word' id='word_1_233' title='bbox 1318 2661 1398 2733; x_wconf 76' lang='lat' dir='ltr'>soelo</span> 
     </span>
     <span class='ocr_line' id='line_1_29' title="bbox 246 2746 1399 2819; baseline 0.003 -20"><span class='ocrx_word' id='word_1_234' title='bbox 246 2751 310 2799; x_wconf 87' lang='lat' dir='ltr'>orta</span> <span class='ocrx_word' id='word_1_235' title='bbox 325 2761 396 2801; x_wconf 85' lang='lat' dir='ltr'>nare</span> <span class='ocrx_word' id='word_1_236' title='bbox 411 2754 512 2819; x_wconf 88' lang='lat' dir='ltr'>ceptat‚</span> <span class='ocrx_word' id='word_1_237' title='bbox 536 2763 609 2802; x_wconf 84' lang='lat' dir='ltr'>coca</span> <span class='ocrx_word' id='word_1_238' title='bbox 625 2747 735 2802; x_wconf 84' lang='lat' dir='ltr'>cortino</span> <span class='ocrx_word' id='word_1_239' title='bbox 751 2747 836 2811; x_wconf 86' lang='lat' dir='ltr'>dicta,</span> <span class='ocrx_word' id='word_1_240' title='bbox 860 2747 933 2818; x_wconf 80' lang='lat' dir='ltr'>qnod</span> <span class='ocrx_word' id='word_1_241' title='bbox 955 2753 996 2800; x_wconf 90' lang='lat' dir='ltr'>est</span> <span class='ocrx_word' id='word_1_242' title='bbox 1016 2746 1091 2800; x_wconf 86' lang='lat' dir='ltr'>inter</span> <span class='ocrx_word' id='word_1_243' title='bbox 1113 2753 1218 2801; x_wconf 85' lang='lat' dir='ltr'>terrane</span> <span class='ocrx_word' id='word_1_244' title='bbox 1240 2752 1268 2801; x_wconf 91' lang='lat' dir='ltr'>et</span> <span class='ocrx_word' id='word_1_245' title='bbox 1288 2748 1399 2804; x_wconf 82' lang='lat' dir='ltr'>coelom</span> 
     </span>
     <span class='ocr_line' id='line_1_30' title="bbox 246 2828 1398 2903; baseline 0.003 -19"><span class='ocrx_word' id='word_1_246' title='bbox 246 2829 284 2885; x_wconf 93' lang='lat' dir='ltr'>ad</span> <span class='ocrx_word' id='word_1_247' title='bbox 305 2829 516 2886; x_wconf 80' lang='lat' dir='ltr'>similitudinem</span> <span class='ocrx_word' id='word_1_248' title='bbox 544 2832 671 2886; x_wconf 84' lang='lat' dir='ltr'>cortinae</span> <span class='ocrx_word' id='word_1_249' title='bbox 693 2828 849 2903; x_wconf 80' lang='lat' dir='ltr'>Apollinis‚·</span> <span class='ocrx_word' id='word_1_250' title='bbox 884 2847 918 2887; x_wconf 91' lang='lat' dir='ltr'>ea</span> <span class='ocrx_word' id='word_1_251' title='bbox 941 2847 960 2885; x_wconf 91' lang='lat' dir='ltr'>o</span> <span class='ocrx_word' id='word_1_252' title='bbox 981 2830 1079 2893; x_wconf 84' lang='lat' dir='ltr'>corde,</span> <span class='ocrx_word' id='word_1_253' title='bbox 1109 2832 1184 2902; x_wconf 79' lang='lat' dir='ltr'>qnod</span> <span class='ocrx_word' id='word_1_254' title='bbox 1213 2831 1279 2886; x_wconf 87' lang='lat' dir='ltr'>inde</span> <span class='ocrx_word' id='word_1_255' title='bbox 1307 2840 1398 2889; x_wconf 85' lang='lat' dir='ltr'>sortes</span> 
     </span>
     <span class='ocr_line' id='line_1_31' title="bbox 242 2914 1399 2990; baseline 0.005 -23"><span class='ocrx_word' id='word_1_256' title='bbox 242 2914 355 2985; x_wconf 84' lang='lat' dir='ltr'>primae</span> <span class='ocrx_word' id='word_1_257' title='bbox 378 2916 566 2971; x_wconf 74' lang='lat' dir='ltr'>existimatae.</span> <span class='ocrx_word' id='word_1_258' title='bbox 610 2915 682 2970; x_wconf 91' lang='lat' dir='ltr'>vides</span> <span class='ocrx_word' id='word_1_259' title='bbox 710 2916 775 2970; x_wconf 88' lang='lat' dir='ltr'>haec</span> <span class='ocrx_word' id='word_1_260' title='bbox 804 2915 1005 2987; x_wconf 82' lang='lat' dir='ltr'>corruptissime</span> <span class='ocrx_word' id='word_1_261' title='bbox 1031 2915 1128 2970; x_wconf 88' lang='lat' dir='ltr'>tradita</span> <span class='ocrx_word' id='word_1_262' title='bbox 1155 2931 1226 2979; x_wconf 84' lang='lat' dir='ltr'>esse;</span> <span class='ocrx_word' id='word_1_263' title='bbox 1261 2915 1399 2990; x_wconf 89' lang='lat' dir='ltr'>interpre-</span> 
     </span>
     <span class='ocr_line' id='line_1_32' title="bbox 247 2998 1398 3074; baseline 0.005 -22"><span class='ocrx_word' id='word_1_264' title='bbox 247 3004 319 3053; x_wconf 91' lang='lat' dir='ltr'>tatur</span> <span class='ocrx_word' id='word_1_265' title='bbox 341 2998 439 3063; x_wconf 81' lang='lat' dir='ltr'>ero,</span> <span class='ocrx_word' id='word_1_266' title='bbox 474 3000 540 3072; x_wconf 87' lang='lat' dir='ltr'>quid</span> <span class='ocrx_word' id='word_1_267' title='bbox 567 2998 649 3054; x_wconf 93' lang='lat' dir='ltr'>sitin</span> <span class='ocrx_word' id='word_1_268' title='bbox 672 2999 750 3055; x_wconf 82' lang='lat' dir='ltr'>Ennii</span> <span class='ocrx_word' id='word_1_269' title='bbox 771 3016 852 3055; x_wconf 87' lang='lat' dir='ltr'>versu</span> <span class='ocrx_word' id='word_1_270' title='bbox 875 3000 1095 3061; x_wconf 71' lang='lat' dir='ltr'>consentino,</span> <span class='ocrx_word' id='word_1_271' title='bbox 1130 3015 1213 3071; x_wconf 89' lang='lat' dir='ltr'>quare</span> <span class='ocrx_word' id='word_1_272' title='bbox 1240 2998 1293 3055; x_wconf 91' lang='lat' dir='ltr'>nisi</span> <span class='ocrx_word' id='word_1_273' title='bbox 1319 2999 1398 3074; x_wconf 91' lang='lat' dir='ltr'>plura</span> 
     </span>
     <span class='ocr_line' id='line_1_33' title="bbox 245 3082 1400 3159; baseline 0.005 -23"><span class='ocrx_word' id='word_1_274' title='bbox 245 3082 411 3139; x_wconf 91' lang='lat' dir='ltr'>intercidisse</span> <span class='ocrx_word' id='word_1_275' title='bbox 439 3084 545 3147; x_wconf 89' lang='lat' dir='ltr'>credas,</span> <span class='ocrx_word' id='word_1_276' title='bbox 578 3083 652 3159; x_wconf 87' lang='lat' dir='ltr'>quod</span> <span class='ocrx_word' id='word_1_277' title='bbox 674 3085 858 3157; x_wconf 80' lang='lat' dir='ltr'>Augustinus,</span> <span class='ocrx_word' id='word_1_278' title='bbox 892 3085 938 3157; x_wconf 90' lang='lat' dir='ltr'>qai</span> <span class='ocrx_word' id='word_1_279' title='bbox 965 3092 1026 3140; x_wconf 89' lang='lat' dir='ltr'>ante</span> <span class='ocrx_word' id='word_1_280' title='bbox 1054 3099 1127 3139; x_wconf 87' lang='lat' dir='ltr'>cana</span> <span class='ocrx_word' id='word_1_281' title='bbox 1155 3083 1269 3140; x_wconf 92' lang='lat' dir='ltr'>inseruit</span> <span class='ocrx_word' id='word_1_282' title='bbox 1290 3084 1400 3142; x_wconf 78' lang='lat' dir='ltr'>Desunt</span> 
     </span>
     <span class='ocr_line' id='line_1_34' title="bbox 246 3168 1398 3241; baseline 0.003 -19"><span class='ocrx_word' id='word_1_283' title='bbox 246 3169 393 3239; x_wconf 77' lang='lat' dir='ltr'>quaedam,</span> <span class='ocrx_word' id='word_1_284' title='bbox 417 3175 518 3232; x_wconf 81' lang='lat' dir='ltr'>censet,</span> <span class='ocrx_word' id='word_1_285' title='bbox 541 3169 569 3223; x_wconf 94' lang='lat' dir='ltr'>in</span> <span class='ocrx_word' id='word_1_286' title='bbox 592 3175 656 3224; x_wconf 87' lang='lat' dir='ltr'>orto</span> <span class='ocrx_word' id='word_1_287' title='bbox 677 3185 748 3224; x_wconf 84' lang='lat' dir='ltr'>nore</span> <span class='ocrx_word' id='word_1_288' title='bbox 764 3175 856 3241; x_wconf 89' lang='lat' dir='ltr'>ceptot</span> <span class='ocrx_word' id='word_1_289' title='bbox 878 3169 1023 3224; x_wconf 89' lang='lat' dir='ltr'>certissime</span> <span class='ocrx_word' id='word_1_290' title='bbox 1045 3169 1156 3223; x_wconf 85' lang='lat' dir='ltr'>cortina</span> <span class='ocrx_word' id='word_1_291' title='bbox 1176 3175 1303 3240; x_wconf 82' lang='lat' dir='ltr'>receptat</span> <span class='ocrx_word' id='word_1_292' title='bbox 1323 3168 1398 3227; x_wconf 86' lang='lat' dir='ltr'>latet.</span> 
     </span>
     <span class='ocr_line' id='line_1_35' title="bbox 246 3252 1398 3327; baseline 0.002 -18"><span class='ocrx_word' id='word_1_293' title='bbox 246 3255 294 3310; x_wconf 91' lang='lat' dir='ltr'>sed</span> <span class='ocrx_word' id='word_1_294' title='bbox 316 3253 394 3311; x_wconf 91' lang='lat' dir='ltr'>etiam</span> <span class='ocrx_word' id='word_1_295' title='bbox 417 3268 479 3308; x_wconf 86' lang='lat' dir='ltr'>cava</span> <span class='ocrx_word' id='word_1_296' title='bbox 500 3253 589 3309; x_wconf 87' lang='lat' dir='ltr'>versui</span> <span class='ocrx_word' id='word_1_297' title='bbox 611 3253 712 3318; x_wconf 91' lang='lat' dir='ltr'>inerat,</span> <span class='ocrx_word' id='word_1_298' title='bbox 735 3254 827 3326; x_wconf 87' lang='lat' dir='ltr'>itaque</span> <span class='ocrx_word' id='word_1_299' title='bbox 848 3252 965 3327; x_wconf 86' lang='lat' dir='ltr'>Scaliger</span> <span class='ocrx_word' id='word_1_300' title='bbox 987 3252 1026 3309; x_wconf 91' lang='lat' dir='ltr'>Pii</span> <span class='ocrx_word' id='word_1_301' title='bbox 1047 3253 1209 3309; x_wconf 85' lang='lat' dir='ltr'>correctioni</span> <span class='ocrx_word' id='word_1_302' title='bbox 1229 3252 1303 3324; x_wconf 74' lang='lat' dir='ltr'>freto</span> <span class='ocrx_word' id='word_1_303' title='bbox 1327 3270 1398 3311; x_wconf 89' lang='lat' dir='ltr'>con-</span> 
     </span>
     <span class='ocr_line' id='line_1_36' title="bbox 246 3337 652 3404; baseline -0.005 -9"><span class='ocrx_word' id='word_1_304' title='bbox 246 3338 321 3404; x_wconf 89' lang='lat' dir='ltr'>fisus,</span> <span class='ocrx_word' id='word_1_305' title='bbox 345 3337 411 3394; x_wconf 87' lang='lat' dir='ltr'>nihil</span> <span class='ocrx_word' id='word_1_306' title='bbox 432 3337 525 3393; x_wconf 90' lang='lat' dir='ltr'>deesse</span> <span class='ocrx_word' id='word_1_307' title='bbox 547 3337 652 3393; x_wconf 92' lang='lat' dir='ltr'>dicens:</span> 
     </span>
    </p>

    <p class='ocr_par' dir='ltr' id='par_1_5' title="bbox 246 3421 1398 4001">
     <span class='ocr_line' id='line_1_37' title="bbox 450 3421 1196 3494; baseline 0 -18"><span class='ocrx_word' id='word_1_308' title='bbox 450 3436 574 3494; x_wconf 80' lang='lat' dir='ltr'>paceque</span> <span class='ocrx_word' id='word_1_309' title='bbox 594 3421 668 3493; x_wconf 71' lang='lat' dir='ltr'>freto</span> <span class='ocrx_word' id='word_1_310' title='bbox 691 3438 764 3478; x_wconf 87' lang='lat' dir='ltr'>caca</span> <span class='ocrx_word' id='word_1_311' title='bbox 786 3422 916 3477; x_wconf 78' lang='lat' dir='ltr'>caeruleo</span> <span class='ocrx_word' id='word_1_312' title='bbox 938 3421 1050 3475; x_wconf 88' lang='lat' dir='ltr'>cortino</span> <span class='ocrx_word' id='word_1_313' title='bbox 1072 3427 1196 3493; x_wconf 84' lang='lat' dir='ltr'>receptat</span> 
     </span>
     <span class='ocr_line' id='line_1_38' title="bbox 248 3503 1398 3578; baseline -0.001 -16"><span class='ocrx_word' id='word_1_314' title='bbox 248 3526 340 3566; x_wconf 90' lang='lat' dir='ltr'>verum</span> <span class='ocrx_word' id='word_1_315' title='bbox 362 3506 412 3562; x_wconf 90' lang='lat' dir='ltr'>sibi</span> <span class='ocrx_word' id='word_1_316' title='bbox 433 3505 582 3563; x_wconf 90' lang='lat' dir='ltr'>restituisse</span> <span class='ocrx_word' id='word_1_317' title='bbox 603 3507 675 3561; x_wconf 90' lang='lat' dir='ltr'>visus</span> <span class='ocrx_word' id='word_1_318' title='bbox 698 3515 752 3570; x_wconf 89' lang='lat' dir='ltr'>est;</span> <span class='ocrx_word' id='word_1_319' title='bbox 787 3506 893 3578; x_wconf 91' lang='lat' dir='ltr'>scriptis</span> <span class='ocrx_word' id='word_1_320' title='bbox 914 3503 989 3560; x_wconf 91' lang='lat' dir='ltr'>libris</span> <span class='ocrx_word' id='word_1_321' title='bbox 1012 3503 1155 3561; x_wconf 91' lang='lat' dir='ltr'>destitutus</span> <span class='ocrx_word' id='word_1_322' title='bbox 1177 3504 1257 3561; x_wconf 88' lang='lat' dir='ltr'>verba</span> <span class='ocrx_word' id='word_1_323' title='bbox 1278 3505 1310 3561; x_wconf 86' lang='lat' dir='ltr'>in</span> <span class='ocrx_word' id='word_1_324' title='bbox 1332 3522 1398 3562; x_wconf 87' lang='lat' dir='ltr'>cor-</span> 
     </span>
     <span class='ocr_line' id='line_1_39' title="bbox 246 3589 1398 3666; baseline -0.001 -18"><span class='ocrx_word' id='word_1_325' title='bbox 246 3610 316 3666; x_wconf 87' lang='lat' dir='ltr'>pore</span> <span class='ocrx_word' id='word_1_326' title='bbox 335 3608 424 3648; x_wconf 89' lang='lat' dir='ltr'>cansa</span> <span class='ocrx_word' id='word_1_327' title='bbox 446 3607 510 3647; x_wconf 92' lang='lat' dir='ltr'>casu</span> <span class='ocrx_word' id='word_1_328' title='bbox 531 3591 559 3645; x_wconf 96' lang='lat' dir='ltr'>in</span> <span class='ocrx_word' id='word_1_329' title='bbox 582 3589 700 3646; x_wconf 91' lang='lat' dir='ltr'>editione</span> <span class='ocrx_word' id='word_1_330' title='bbox 721 3591 842 3664; x_wconf 91' lang='lat' dir='ltr'>principe</span> <span class='ocrx_word' id='word_1_331' title='bbox 864 3589 1029 3645; x_wconf 91' lang='lat' dir='ltr'>intercidisse</span> <span class='ocrx_word' id='word_1_332' title='bbox 1051 3589 1092 3644; x_wconf 89' lang='lat' dir='ltr'>vir</span> <span class='ocrx_word' id='word_1_333' title='bbox 1114 3589 1230 3664; x_wconf 89' lang='lat' dir='ltr'>optimus</span> <span class='ocrx_word' id='word_1_334' title='bbox 1251 3589 1320 3646; x_wconf 85' lang='lat' dir='ltr'>scire</span> <span class='ocrx_word' id='word_1_335' title='bbox 1341 3607 1398 3647; x_wconf 91' lang='lat' dir='ltr'>non</span> 
     </span>
     <span class='ocr_line' id='line_1_40' title="bbox 247 3672 1398 3752; baseline -0.003 -17"><span class='ocrx_word' id='word_1_336' title='bbox 247 3679 350 3752; x_wconf 89' lang='lat' dir='ltr'>potuit,</span> <span class='ocrx_word' id='word_1_337' title='bbox 386 3692 454 3750; x_wconf 91' lang='lat' dir='ltr'>quae</span> <span class='ocrx_word' id='word_1_338' title='bbox 481 3676 508 3730; x_wconf 92' lang='lat' dir='ltr'>in</span> <span class='ocrx_word' id='word_1_339' title='bbox 537 3673 660 3730; x_wconf 89' lang='lat' dir='ltr'>omnibus</span> <span class='ocrx_word' id='word_1_340' title='bbox 688 3674 825 3730; x_wconf 91' lang='lat' dir='ltr'>codicibus</span> <span class='ocrx_word' id='word_1_341' title='bbox 854 3682 957 3729; x_wconf 87' lang='lat' dir='ltr'>servata</span> <span class='ocrx_word' id='word_1_342' title='bbox 984 3672 1086 3746; x_wconf 92' lang='lat' dir='ltr'>primus</span> <span class='ocrx_word' id='word_1_343' title='bbox 1117 3673 1225 3741; x_wconf 86' lang='lat' dir='ltr'>reduri;</span> <span class='ocrx_word' id='word_1_344' title='bbox 1259 3673 1398 3731; x_wconf 88' lang='lat' dir='ltr'>invenerat</span> 
     </span>
     <span class='ocr_line' id='line_1_41' title="bbox 248 3758 972 3830; baseline -0.008 -12"><span class='ocrx_word' id='word_1_345' title='bbox 248 3772 337 3819; x_wconf 88' lang='lat' dir='ltr'>autem</span> <span class='ocrx_word' id='word_1_346' title='bbox 360 3760 501 3818; x_wconf 82' lang='lat' dir='ltr'>Turnebus</span> <span class='ocrx_word' id='word_1_347' title='bbox 523 3759 549 3815; x_wconf 91' lang='lat' dir='ltr'>in</span> <span class='ocrx_word' id='word_1_348' title='bbox 572 3758 724 3814; x_wconf 84' lang='lat' dir='ltr'>Victoriana</span> <span class='ocrx_word' id='word_1_349' title='bbox 747 3775 797 3815; x_wconf 92' lang='lat' dir='ltr'>suo</span> <span class='ocrx_word' id='word_1_350' title='bbox 820 3759 972 3830; x_wconf 88' lang='lat' dir='ltr'>corrigens:</span> 
     </span>
     <span class='ocr_line' id='line_1_42' title="bbox 858 3842 1130 3914; baseline 0.007 -18"><span class='ocrx_word' id='word_1_351' title='bbox 858 3859 930 3898; x_wconf 87' lang='lat' dir='ltr'>cava</span> <span class='ocrx_word' id='word_1_352' title='bbox 952 3857 1077 3914; x_wconf 77' lang='lat' dir='ltr'>quaeqae</span> <span class='ocrx_word' id='word_1_353' title='bbox 1099 3842 1130 3898; x_wconf 83' lang='lat' dir='ltr'>in</span> 
     </span>
     <span class='ocr_line' id='line_1_43' title="bbox 495 3927 1149 4001; baseline -0.005 -17"><span class='ocrx_word' id='word_1_354' title='bbox 495 3944 612 4001; x_wconf 86' lang='lat' dir='ltr'>corpore</span> <span class='ocrx_word' id='word_1_355' title='bbox 635 3928 765 3982; x_wconf 82' lang='lat' dir='ltr'>caeruleo</span> <span class='ocrx_word' id='word_1_356' title='bbox 789 3927 862 3982; x_wconf 88' lang='lat' dir='ltr'>coeli</span> <span class='ocrx_word' id='word_1_357' title='bbox 883 3927 993 3983; x_wconf 86' lang='lat' dir='ltr'>cortina</span> <span class='ocrx_word' id='word_1_358' title='bbox 1015 3933 1149 3999; x_wconf 84' lang='lat' dir='ltr'>receptat.</span> 
     </span>
    </p>
   </div>
   <div class='ocr_carea' id='block_1_3' title="bbox 249 4056 1398 4258">
    <p class='ocr_par' dir='ltr' id='par_1_6' title="bbox 249 4056 1398 4258">
     <span class='ocr_line' id='line_1_44' title="bbox 315 4056 1398 4127; baseline 0 -17"><span class='ocrx_word' id='word_1_359' title='bbox 315 4056 340 4122; x_wconf 74' lang='lat' dir='ltr'>*l</span> <span class='ocrx_word' id='word_1_360' title='bbox 358 4060 475 4113; x_wconf 90' lang='lat' dir='ltr'>similiter</span> <span class='ocrx_word' id='word_1_361' title='bbox 493 4061 553 4125; x_wconf 77' lang='lat'>§66</span> <span class='ocrx_word' id='word_1_362' title='bbox 573 4073 662 4126; x_wconf 89' lang='lat' dir='ltr'>prosae</span> <span class='ocrx_word' id='word_1_363' title='bbox 681 4057 804 4109; x_wconf 85' lang='lat' dir='ltr'>orationis</span> <span class='ocrx_word' id='word_1_364' title='bbox 821 4057 899 4108; x_wconf 84' lang='lat' dir='ltr'>rerba</span> <span class='ocrx_word' id='word_1_365' title='bbox 918 4058 944 4109; x_wconf 89' lang='lat' dir='ltr'>in</span> <span class='ocrx_word' id='word_1_366' title='bbox 962 4073 1081 4110; x_wconf 88' lang='lat' dir='ltr'>numeros</span> <span class='ocrx_word' id='word_1_367' title='bbox 1099 4058 1235 4119; x_wconf 82' lang='lat' dir='ltr'>cinxeram,</span> <span class='ocrx_word' id='word_1_368' title='bbox 1254 4058 1324 4124; x_wconf 88' lang='lat' dir='ltr'>quod</span> <span class='ocrx_word' id='word_1_369' title='bbox 1341 4059 1398 4127; x_wconf 91' lang='lat' dir='ltr'>ipse</span> 
     </span>
     <span class='ocr_line' id='line_1_45' title="bbox 249 4122 1398 4258; baseline 0.001 -80"><span class='ocrx_word' id='word_1_370' title='bbox 249 4129 486 4258; x_wconf 51' lang='lat' dir='ltr'>{ffiffgaavffignffl&#39;</span> <span class='ocrx_word' id='word_1_371' title='bbox 512 4127 604 4179; x_wconf 84' lang='lat' dir='ltr'>Mdller</span> <span class='ocrx_word' id='word_1_372' title='bbox 628 4141 678 4177; x_wconf 92' lang='lat' dir='ltr'>non</span> <span class='ocrx_word' id='word_1_373' title='bbox 702 4122 779 4187; x_wconf 83' lang='lat' dir='ltr'>vidit,</span> <span class='ocrx_word' id='word_1_374' title='bbox 806 4122 904 4176; x_wconf 83' lang='lat' dir='ltr'>Ritschl</span> <span class='ocrx_word' id='word_1_375' title='bbox 931 4142 992 4179; x_wconf 83' lang='lat' dir='ltr'>vero</span> <span class='ocrx_word' id='word_1_376' title='bbox 1019 4123 1084 4177; x_wconf 87' lang='lat' dir='ltr'>Mus.</span> <span class='ocrx_word' id='word_1_377' title='bbox 1108 4124 1187 4175; x_wconf 86' lang='lat' dir='ltr'>Rhea.</span> <span class='ocrx_word' id='word_1_378' title='bbox 1212 4124 1247 4190; x_wconf 86' lang='grc' dir='ltr'>Χ,</span> <span class='ocrx_word' id='word_1_379' title='bbox 1266 4127 1315 4178; x_wconf 89' lang='grc'>446</span> <span class='ocrx_word' id='word_1_380' title='bbox 1342 4127 1398 4179; x_wconf 90' lang='lat' dir='ltr'>iure</span> 
     </span>
    </p>
   </div>
   <div class='ocr_carea' id='block_1_4' title="bbox 0 0 1538 5048">
    <p class='ocr_par' dir='ltr' id='par_1_7' title="bbox 0 0 1538 5048">
     <span class='ocr_line' id='line_1_46' title="bbox 0 0 1538 5048; baseline 0 0"><span class='ocrx_word' id='word_1_381' title='bbox 0 0 1538 5048; x_wconf 95' lang='lat' dir='ltr'> </span> 
     </span>
    </p>
   </div>
  </div>
 </body>
</html>
