3038 5048
197 297 237 356 40
527 292 643 348 nuens
660 289 827 360 oumuus.
863 290 880 359 l
898 291 1007 344 oo-oo.

198 465 368 550 arandum3
398 465 474 532 inde
495 465 662 531 Arimenta
683 462 779 547 dictu,
803 467 915 547 postea
934 463 951 527 I
973 460 1067 527 teriia
1087 459 1195 526 littera
1217 457 1350 525 extrito.

198 569 324 636 Vitulus
347 568 433 651 quod
454 585 570 649 graeco
592 565 767 647 antiquitus
790 561 914 643 ἰταλός,
940 567 995 630 aut
1017 559 1103 645 quod
1125 559 1273 647 plerique
1294 579 1350 628 ve-

198 670 265 756 geti
287 666 340 754 [ot]
366 668 540 754 Vegitulus.
584 670 756 750 Iuvencus,
783 665 894 733 iuvare
923 666 978 748 qui
1005 665 1069 731 iam
1094 663 1136 728 sd
1158 681 1274 745 agrum
1296 682 1348 729 co-

94 779 115 858 ξ
136 779 175 841 97
199 770 330 840 lendum
352 776 469 855 posset.
525 768 629 853 Capra
651 789 757 853 esrpa,
780 789 800 834 a
823 787 886 849 quo
901 766 1052 850 scriptum
1074 762 1348 850 Omnicerpae

201 891 356 956 caprae.
400 875 488 938 Ircus
522 870 609 952 quod
642 868 754 937 Savini
781 869 907 953 Firous3
942 866 1027 953 quod
1059 867 1126 934 illie
1155 866 1283 950 Fedus,
1316 866 1388 932 ins

200 975 293 1041 Latio
316 994 387 1040 rure
408 973 513 1055 lidus,
545 972 654 1054 quiin
675 972 764 1055 urbe,
795 977 829 1037 ut
857 971 890 1036 in
912 970 1021 1037 multis
1042 971 1071 1035 A
1093 967 1203 1036 addito
1225 967 1349 1036 Aedus.

48 1098 79 1148 ur
87 1096 125 1137 1⁰0
137 1091 192 1146 snb
203 1079 321 1144 Porcus
345 1074 431 1157 quod
448 1073 559 1141 Savini
582 1071 692 1140 dicunt
713 1072 857 1157 aprinum
878 1092 1010 1155 porcum
1031 1091 1105 1156 por3
1128 1069 1204 1136 inde
1218 1069 1350 1153 Porcus,

201 1179 264 1245 nisi
286 1176 314 1243 si
335 1198 356 1243 a
379 1175 526 1259 Graecis,
555 1174 641 1257 quod
663 1175 797 1241 Athenis
826 1175 861 1239 in
887 1174 978 1239 libris
1006 1193 1168 1241 sacrorum
1193 1172 1351 1256 scriptum

94 1284 178 1365 §.98
201 1285 250 1348 est
277 1298 396 1363 porcae
424 1296 550 1363 porcoe.
618 1276 711 1343 Aries
734 1274 820 1357 quod
842 1276 874 1337 ci
893 1273 1042 1342 dicebant
1070 1268 1187 1360 ἄρρην,
1221 1278 1351 1340 veteres

203 1381 304 1449 nostri
324 1381 454 1463 Ariuga,
477 1379 551 1444 hinc
564 1378 712 1463 Arvigas.
757 1376 847 1444 Haec
868 1383 941 1443 sunt
963 1395 1095 1458 quorum
1119 1377 1152 1443 in
1173 1373 1352 1443 sacruficiis
1375 1382 1404 1434 lo

204 1488 279 1550 exta
300 1482 332 1547 in
355 1483 429 1565 olle,
452 1500 515 1547 non
537 1481 571 1546 in
591 1499 671 1545 veru
694 1486 880 1563 coquuntur,
904 1498 983 1561 quas
1006 1483 1038 1544 et
1051 1478 1168 1545 Accius
1189 1477 1304 1544 scribit
1320 1482 1354 1545 et

50 1586 239 1654 muter-bin
261 1582 431 1668 pontificiis
458 1581 549 1647 libris
578 1580 733 1647 videmus.
777 1581 810 1646 in
830 1580 943 1647 hostiis
972 1600 1042 1646 eam
1064 1580 1172 1646 dicunt
1194 1579 1354 1664 Arvigam
1410 1664 1413 1668 Ι

204 1703 287 1767 quse
303 1704 421 1753 cornua
437 1683 564 1749 habeat.
600 1682 757 1761 Quoniam
779 1683 807 1748 si
830 1682 880 1748 cui
902 1683 955 1772 ovi
977 1682 1058 1747 mari
1074 1682 1212 1749 testiculi
1227 1680 1355 1766 dempti

97 1791 117 1870 ὅ
140 1790 180 1853 99
204 1787 235 1853 ei
262 1785 335 1853 ideo
363 1786 397 1852 vi
425 1791 539 1851 natura
560 1804 671 1868 versa,
699 1784 825 1850 Vervex
848 1783 1049 1850 declinatum.
1114 1783 1226 1850 Pecori
1249 1782 1353 1850 ovillo

290 2009 303 2058 1
323 2003 464 2066 enimenta]
481 2006 606 2058 armentu
623 2001 728 2072 MVp,
755 2005 896 2058 eramentu
913 2003 1051 2057 Luctus.
1078 2003 1154 2072 conf.
1172 2004 1269 2059 Isidor.
1288 2004 1353 2073 XII,

205 2093 228 2156 1,
239 2092 306 2143 8.-
325 2088 345 2152 i}
362 2088 396 2156 F,
409 2082 467 2142 ‘.e.'
484 2106 513 2159 p,
531 2103 582 2142 om.
595 2087 712 2142 ceteri.
730 2119 764 2126 -
783 2091 799 2140 2
816 2104 896 2156 grece
913 2089 945 2142 F.
959 2119 989 2127 -
1009 2088 1089 2143 italos
1106 2087 1190 2143 libri
1208 2087 1353 2157 (ilulesVl,

202 2173 288 2228 itulus
305 2173 454 2238 Luctus,
480 2172 594 2238 ἰτοῦλος
611 2171 699 2240 vulg.
719 2188 756 2226 ecc
773 2173 806 2226 B.
829 2203 862 2213 -
890 2177 905 2226 3
923 2176 962 2236 ut]
981 2172 1044 2227 odd.
1063 2173 1134 2242 LSp.
1157 2204 1190 2212 ·-
1214 2174 1354 2242 vegitulus

203 2275 345 2345 Laetus,
372 2275 503 2344 uigitulus
520 2274 606 2329 libri
622 2273 800 2342 (uegeticulus
820 2275 861 2341 G).
885 2306 916 2313 —
944 2253 1040 2329 ibusre
1057 2275 1088 2328 F.
1113 2307 1146 2314 -
1174 2281 1188 2330 5
1211 2275 1304 2330 ssuini
1329 2277 1354 2330 F

202 2376 263 2414 cum
272 2359 420 2431 plerisque.
432 2391 465 2398 -
483 2360 564 2427 quod]
582 2355 660 2428 ‘fori
680 2362 711 2412 ut
723 2352 809 2426 quod’
827 2359 898 2428 LSp.
911 2390 945 2398 -
964 2359 1044 2428 fedus
1062 2360 1093 2413 F.
1105 2390 1140 2399 -
1157 2363 1172 2413 6
1190 2376 1254 2415 rure
1272 2362 1353 2426 edus]

202 2462 267 2500 rure
285 2444 331 2514 qui
348 2444 378 2498 in
396 2445 464 2498 urbe
481 2444 569 2499 hedus
587 2442 671 2497 Fscd
682 2442 778 2497 deletis
796 2443 842 2511 qui
860 2443 889 2497 in
906 2445 974 2499 urbe
990 2444 1087 2500 verbis.
1112 2441 1190 2515 ‘fori
1202 2445 1263 2499 ruri
1274 2446 1354 2514 edus,

203 2529 232 2584 in
251 2523 332 2584 urbe'
352 2529 423 2598 LSp.
459 2529 536 2598 conf.
555 2528 685 2582 Luchm.
704 2528 740 2582 ed
757 2528 867 2583 Lucret.
886 2547 913 2598 p.
929 2533 986 2596 143,
1004 2529 1188 2585 Mommsen
1204 2530 1354 2586 Unteritel.

203 2613 277 2667 Dial.
295 2631 323 2682 p.
342 2616 400 2666 358.
419 2643 451 2650 —
471 2618 485 2665 1
505 2611 595 2666 seuiui
613 2610 746 2680 FMVp‚
770 2612 864 2668 sabino
884 2614 922 2682 H,
947 2613 1036 2667 sabim
1055 2613 1176 2669 ceteri.
1193 2645 1228 2652 —
1246 2615 1355 2680 dicunt]

204 2697 350 2764 Lectus,
375 2696 449 2750 dicto
467 2697 562 2750 libri.
581 2727 613 2735 —
632 2696 758 2764 aprinum
775 2700 898 2767 porcum]
918 2698 990 2766 LSp,
1014 2714 1120 2766 apruno
1136 2714 1221 2769 porco
1238 2699 1355 2766 FlKeil)

206 2781 240 2849 G,
258 2780 355 2848 aprino
374 2797 458 2849 porco
477 2781 633 2848 Fldroih),
658 2796 781 2849 apruno
798 2797 883 2851 porco
902 2798 926 2849 c,
949 2783 983 2837 de
1001 2783 1097 2851 aprino
1114 2799 1199 2852 porco
1216 2785 1240 2838 Β
1258 2785 1355 2854 vulg,

205 2865 327 2935 aprime
345 2880 429 2934 porco
449 2866 566 2920 ceteri.
595 2865 670 2934 conf.
689 2865 875 2920 Mommsen
892 2885 919 2936 p.
934 2870 992 2921 352.
1010 2898 1044 2907 —
1060 2884 1113 2936 por
1129 2867 1202 2932 inde]
1221 2868 1354 2924 Turne-

205 2950 282 3018 bus,
308 2949 404 3018 poride
429 2950 452 3003 F
470 2966 530 3004 cum
549 2950 625 3014 abrs,
651 2949 757 3017 poridie
776 2949 850 3018 GH,
876 2951 990 3019 poridiis
1011 2952 1076 3006 inde
1093 2952 1132 3022 B,
1157 2953 1271 3022 poridus
1288 2955 1356 3009 inde

205 3034 293 3102 vulg.
310 3065 343 3072 —
363 3037 378 3087 8
393 3034 481 3102 grecis
499 3035 531 3088 F.
549 3065 583 3073 -
601 3034 704 3102 scripta
721 3033 922 3103 FHVebcp.
941 3067 975 3074 -
993 3040 1008 3090 9
1025 3052 1127 3106 porcae
1144 3043 1253 3110 porcos]
1270 3039 1354 3094 scrib.

205 3118 270 3184 oid,
288 3133 390 3188 porcae
401 3134 486 3189 porco
498 3119 522 3173 F
532 3118 567 3186 Η,
585 3134 669 3188 perce
680 3134 765 3188 porco
784 3118 900 3173 GMub
911 3136 925 3174 c
934 3136 962 3189 p,
985 3120 1076 3176 luceo.
1089 3123 1118 3175 iu
1134 3124 1168 3191 B,
1185 3119 1288 3198 κάπρῳ
1305 3129 1356 3181 καὶ

207 3198 451 3278 rripxpvulg.-
470 3205 552 3273 quod]
572 3203 742 3271 GHvulg,
761 3203 985 3271 quiceteri.-
1003 3207 1158 3278 suscripsi,
1176 3223 1236 3262 eam
1252 3207 1356 3278 libri,

207 3305 269 3344 eum
285 3288 370 3356 vulg.
398 3305 436 3342 arc
453 3304 532 3356 quem
544 3304 601 3360 pro
619 3288 666 3356 qui
684 3287 763 3342 eam?
775 3318 807 3326 -
826 3282 927 3360 ἄρρην]
945 3291 1054 3360 scripsi,
1072 3308 1133 3346 eres
1150 3292 1245 3347 libri.
1275 3288 1354 3362 ‘seru

207 3374 280 3443 quod
294 3373 393 3430 Graeci
405 3373 494 3427 diceb.
507 3366 590 3445 ipriv'
604 3372 679 3442 LSp,
699 3371 751 3426 boc
763 3366 836 3444 ἀρήν
853 3375 935 3428 edam
952 3373 1089 3430 Muller.
1116 3377 1193 3446 conf.
1205 3376 1354 3433 Lindem.

208 3461 245 3515 sd
262 3459 337 3514 Fest.
355 3476 382 3528 p.
403 3463 461 3512 441.
480 3488 513 3496 -
534 3462 564 3511 10
583 3457 687 3525 sriugel
706 3457 765 3525 Fu,
792 3458 888 3527 eruige
906 3460 1046 3529 ceteri,
1073 3461 1168 3530 uringe
1185 3463 1354 3520 Ursinus

207 3561 253 3615 up.
272 3542 448 3614 Scioppium,
473 3542 665 3610 Scaliger,
693 3557 778 3611 erugo
799 3543 899 3598 Donet.
920 3545 957 3598 ud
980 3545 1042 3600 Ter.
1066 3547 1174 3602 Phorm.
1197 3546 1244 3614 IV,
1262 3552 1293 3616 4,
1312 3551 1355 3616 28,

204 3630 277 3700 fort.
305 3626 471 3683 reddendum
497 3625 561 3681 huic
587 3626 657 3680 ioco.
700 3629 777 3697 coos.
801 3627 901 3682 Ribb.
926 3633 960 3684 tr.
985 3629 1033 3684 fr.²
1053 3649 1081 3699 p.
1100 3636 1159 3686 227.
1185 3663 1219 3671 -
1244 3633 1355 3700 uriugus

207 3713 267 3782 Fe,
293 3713 402 3783 urrrigus
421 3711 546 3779 ceteri,
571 3713 698 3781 ervignus
715 3712 899 3780 B,Loetus.
918 3745 949 3753 —
969 3733 1083 3784 querum
1101 3718 1188 3786 vulg.
1207 3748 1241 3756 —
1259 3733 1355 3772 sacru·

207 3797 286 3865 ficiis]
305 3801 345 3853 sic
362 3799 394 3853 F.
421 3828 456 3838 —
486 3802 515 3851 11
535 3797 599 3861 olle]
626 3796 692 3865 GV,
720 3797 773 3851 cllo
795 3797 818 3851 F
842 3814 903 3851 cum
925 3799 997 3855 aliis.
1024 3833 1058 3842 -
1086 3806 1117 3857 12
1140 3801 1355 3872 pontificialibus

208 3883 294 3953 vulg.
313 3900 351 3939 es:
367 3885 400 3938 B.
427 3911 461 3923 -
487 3882 584 3946 hostis]
607 3881 684 3950 corrf.
703 3881 741 3935 ud
757 3898 784 3950 p.
805 3886 851 3949 14,
870 3887 895 3937 6.
922 3885 1019 3942 hostiis
1037 3886 1302 3942 Rholendellus.
1320 3918 1354 3926 -

208 3966 336 4034 urvigem]
348 3968 485 4035 Mdller,
503 3966 623 4035 eriugem
635 3966 733 4035 libri,
751 3967 871 4035 eruigem
889 3971 1063 4039 phestus.
1076 4001 1109 4008 —
1129 3975 1161 4025 13
1173 3974 1257 4028 hebet
1268 3974 1354 4041 vulg.

208 4066 246 4104 ex
263 4051 295 4104 B.
323 4052 486 4122 interposui
498 4059 565 4122 post
582 4053 690 4107 hebeat.
710 4083 741 4091 —
762 4053 794 4116 si]
813 4054 1041 4119 Lindemann,
1062 4053 1086 4108 is
1104 4055 1199 4112 libri.
1217 4087 1251 4095 -
1270 4061 1303 4113 14
1320 4058 1355 4122 ei]

208 4135 316 4205 scripsi,
340 4140 367 4191 et
384 4136 477 4191 libri.
496 4167 530 4176 -
547 4137 581 4200 vi]
600 4136 802 4206 Scioppius,
826 4142 858 4193 ut
875 4139 971 4195 libri.
990 4170 1023 4178 -
1046 4139 1148 4193 uerbex
1165 4142 1197 4195 F.
1216 4173 1250 4182 -
1269 4141 1355 4197 deeli-

208 4213 406 4289 nutum1‘fort.
424 4214 528 4276 diclus'
544 4220 616 4290 LSp.
