3038 5048
258 265 329 306 mn
761 246 898 302 Praelatio.

301 430 329 484 7.
352 424 425 500 quod
448 425 530 487 aiunt,
553 430 584 480 ut
606 422 724 497 persedit
744 431 772 480 et
792 422 910 496 perstitit
930 422 969 479 sic
985 463 992 479 .
1009 463 1017 478 .
1033 421 1176 497 percuhuit
1202 425 1336 498 quoniam
1360 442 1420 486 nou

352 511 397 580 sit,
419 525 475 565 non
498 524 556 566 esse
578 507 734 582 analogiam,
758 507 786 562 in
808 507 860 564 hoo
882 514 973 565 errant
988 547 995 563 .
1013 548 1020 563 .
1039 501 1083 580 .*)

302 597 331 656 8.
354 594 400 670 qui
422 594 523 658 dicunt,
547 593 621 668 qnod
642 594 676 650 sit
698 592 731 650 ah
753 591 868 649 Romulo
892 592 975 649 Roma
997 600 1025 650 et
1045 609 1101 650 non
1123 591 1244 658 Romula,
1269 608 1364 669 neque
1388 603 1420 654 ut

352 678 385 737 ah
408 695 458 737 ore
480 677 565 744 ovilia,
589 678 626 735 sic
649 694 664 736 a
684 676 754 735 bove
775 675 886 741 hovilia,
910 693 966 733 non
988 693 1046 735 esse
1068 676 1218 752 analogias,
1243 686 1417 738 errant...

353 764 418 830 Vlll,
436 767 485 829 54,
506 764 556 822 80.

300 853 330 909 9.
352 850 454 912 dicunt,
471 848 543 922 quod
558 843 687 903 vocabula
702 843 849 902 litterarum
864 843 1006 903 latinarum
1022 861 1077 902 non
1094 845 1262 904 declinentur
1276 848 1306 904 in
1322 864 1414 917 casus,

353 952 408 992 non
430 950 488 990 csse
509 931 658 1004 analogias,
685 929 703 985 ii
724 946 793 1004 quae
814 939 911 987 natura
933 928 1058 987 declinari
1080 947 1136 989 non
1156 941 1289 1006 possunt,
1314 950 1414 994 eorum

353 1018 499 1076 declinatus
521 1015 664 1090 requirunt
679 1055 686 1071 .
704 1054 711 1070 .
730 1055 737 1070 .
753 1014 817 1079 Vlll,
836 1016 970 1074 63-65.

282 1107 329 1163 10.
353 1102 426 1178 qnod
441 1102 533 1158 dicum
548 1116 606 1156 esse
621 1098 749 1174 quaedam
764 1099 844 1156 verba
859 1116 927 1174 quae
949 1098 1063 1157 babeant
1084 1098 1241 1166 declinatus,
1264 1109 1297 1159 ut
1318 1112 1415 1177 caput,

352 1202 468 1263 quorum
483 1201 532 1260 par
547 1184 619 1259 quod
635 1184 746 1258 reperiri
768 1201 822 1240 non
845 1184 939 1258 possit,
963 1200 1018 1241 non
1041 1200 1100 1242 esse
1121 1185 1265 1260 analogias,
1288 1202 1416 1262 respon-

352 1269 469 1328 dendum
485 1310 492 1326 .
511 1309 544 1326 ..

282 1357 329 1416 11.
352 1362 452 1430 negant
473 1370 534 1412 cum
557 1353 641 1409 omnis
664 1361 759 1410 natura
780 1353 814 1409 sit
836 1361 883 1409 ant
907 1369 962 1410 mas
992 1362 1039 1410 aut
1067 1353 1165 1412 lomina
1194 1363 1241 1412 aut
1269 1365 1412 1423 neutrum,

351 1456 407 1497 non
429 1439 552 1496 debuisse
574 1454 606 1495 ex
627 1437 738 1510 singulis
759 1437 871 1494 vocibus
892 1446 982 1496 ternas
1004 1438 1195 1497 vocabulorum
1217 1437 1319 1514 figuras
1340 1441 1411 1508 fieri,

352 1535 383 1583 ut
404 1523 481 1582 albus
503 1522 562 1579 alba
583 1521 671 1578 album
689 1523 767 1581 ..ad
790 1522 855 1578 hacc
876 1523 1053 1598 respondeo.
1071 1564 1078 1579 .
1096 1564 1102 1580 .
1119 1524 1185 1590 Vlll,
1202 1528 1253 1584 47.

282 1611 329 1669 12.
352 1611 399 1686 qui
420 1616 508 1667 autem
529 1606 740 1682 reprehendunt,
765 1607 839 1681 quod
854 1607 901 1663 alia
918 1607 1045 1665 vocabula
1068 1609 1211 1682 singularia
1233 1609 1286 1666 sint
1308 1609 1411 1678 solum,

353 1704 383 1752 ut
404 1695 488 1758 cicer,
512 1692 562 1749 alia
583 1691 769 1756 multitudinis,
794 1702 823 1748 ut
845 1691 938 1757 scalae,
963 1692 1102 1766 analogiae
1122 1692 1326 1752 fundamentum
1350 1712 1413 1754 csso

352 1779 546 1835 obliviscuntur
568 1784 690 1833 naturam
713 1785 740 1834 et
762 1793 841 1834 usum
857 1817 864 1832 .
883 1818 889 1834 .
908 1819 914 1833 .
932 1777 995 1840 vlll.
1014 1780 1064 1836 47.

281 1866 327 1922 13.
349 1864 411 1920 item
434 1863 481 1936 qui
501 1861 703 1935 reprehendunt
724 1861 797 1936 quod
818 1877 874 1918 non
897 1862 1000 1920 dicatur
1016 1905 1022 1923 .
1040 1903 1047 1919 .
1062 1870 1176 1928 acetum,
1199 1871 1282 1929 aceta,
1306 1862 1411 1922 iaciunt

349 1947 470 2021 imperite
486 1987 516 2006 ..

281 2036 328 2091 14.
350 2033 414 2089 item
435 2030 638 2106 reprehendunt
658 2030 807 2105 analogias,
842 2031 915 2106 quod
945 2031 1067 2088 dicantur
1095 2030 1272 2089 multitudinis
1298 2035 1409 2092 nominc

349 2116 472 2192 publicae
496 2115 618 2182 balneae,
654 2132 709 2174 non
738 2115 845 2180 balnea,
881 2125 974 2174 ronna
997 2116 1071 2191 quod
1093 2115 1189 2190 privati
1210 2117 1300 2175 dicant
1320 2135 1407 2176 unum

352 2202 483 2267 balneum,
507 2201 584 2276 plura
606 2199 701 2258 balnea
723 2218 778 2259 non
801 2202 914 2258 dicant.
934 2241 940 2257 .
957 2200 1046 2265 .V111,
1065 2203 1114 2260 48.

281 2291 328 2346 15.
350 2289 413 2346 item
439 2287 641 2362 reprehendant
663 2286 696 2345 de
719 2285 839 2350 casibus,
874 2285 947 2360 quod
974 2286 1081 2361 qnidam
1108 2285 1261 2343 nominatus
1289 2283 1408 2345 habeant

350 2383 454 2439 rectos,
482 2373 587 2447 qnidam
610 2372 747 2447 obliquos,
780 2388 848 2446 quos
870 2371 962 2427 dicunt
984 2380 1116 2444 utrosque
1136 2371 1164 2427 in
1186 2369 1297 2429 vocibus
1319 2387 1406 2445 opor·

351 2467 422 2524 terc;
458 2456 556 2530 quihus
577 2456 647 2513 idem
668 2455 825 2530 responderi
846 2463 949 2529 potest,
981 2455 1008 2510 in
1030 2455 1128 2531 quibus
1153 2472 1219 2513 usus
1241 2465 1289 2514 aut
1309 2465 1406 2514 natura

351 2558 406 2597 non
428 2540 522 2604 subsit,
545 2540 581 2597 ibi
604 2557 659 2597 non
681 2558 740 2598 esse
762 2540 919 2613 analogiam.
928 2538 974 2612 **)

280 2628 327 2683 16.
349 2625 413 2681 item
434 2625 541 2689 dicunt,
574 2641 635 2681 cum
657 2625 692 2683 sit
712 2625 796 2682 similo
817 2624 930 2690 stultus,
965 2624 1069 2689 bissus,
1104 2631 1131 2681 et
1161 2624 1264 2682 dicatur
1292 2626 1403 2693 stultus,

339 2901 365 2967 *)
381 2902 472 2954 mirum
491 2904 558 2955 hunc
577 2902 710 2955 articulum
723 2919 754 2954 ex
766 2903 902 2955 verborum
915 2920 1029 2970 numero,
1048 2919 1114 2973 quae
1125 2904 1167 2969 Ill,
1180 2908 1213 2959 94
1226 2934 1259 2943 -
1271 2905 1302 2969 ll,
1315 2909 1349 2960 24
1361 2922 1406 2959 ex·

255 2972 392 3036 ponuntur,
410 2975 539 3037 sumptum
558 2971 599 3021 hic
616 2971 729 3037 reperiri,
748 2972 827 3037 igitur
843 2972 951 3024 lacunae
970 2974 1043 3039 signa
1062 2977 1121 3025 ante
1138 2973 1217 3026 verba
1235 2974 1308 3040 quod
1324 2977 1406 3026 aiunt

255 3036 326 3090 dedit
343 3035 481 3097 Mallem
510 3039 591 3090 maius
610 3052 671 3090 sane
688 3039 779 3090 vitium
798 3043 845 3102 est,
864 3055 940 3106 quam
958 3045 986 3091 ut
1003 3041 1136 3108 scriptoris
1155 3056 1212 3094 esse
1230 3040 1340 3109 credam,
1358 3041 1405 3096 sed

255 3111 282 3158 et
306 3120 336 3158 ea
360 3119 425 3173 quae
449 3109 591 3172 sequuntur
615 3121 672 3158 cum
697 3106 736 3158 his
755 3108 859 3159 minime
877 3107 1027 3172 cohaerent,
1054 3114 1083 3161 ut
1101 3124 1150 3175 qua
1169 3109 1268 3162 ratione
1286 3109 1336 3163 hoc
1353 3110 1406 3162 dis-

254 3174 348 3293 iefftuff
366 3173 508 3226 membrum
526 3174 705 3241 explicandum
723 3176 757 3226 sit
774 3175 900 3242 nesciam3
921 3175 1003 3242 silli,
1023 3179 1072 3230 101
1089 3176 1248 3243 legerentur,
1276 3179 1405 3232 neminem

255 3258 322 3295 oen
341 3245 420 3294 erent.

322 3310 363 3374 **)
379 3308 457 3361 verba
481 3310 682 3376 reprehendunt
703 3311 735 3361 da
759 3313 864 3362 cambus
887 3311 1022 3363 transitum
1046 3310 1102 3363 ficri
1126 3310 1159 3364 ab
1183 3311 1241 3365 aliis
1269 3311 1301 3365 ad
1327 3328 1404 3367 casus

254 3377 367 3430 indicare
383 3376 515 3441 videntur,
535 3381 560 3429 ct
578 3392 639 3430 sane
657 3378 780 3431 articulus
797 3378 948 3431 undecimus
967 3381 983 3444 ξ
1002 3381 1103 3433 55-62
1122 3394 1216 3446 genus,
1240 3379 1333 3432 deinde
1350 3385 1403 3434 tres

260 3446 394 3513 12—4a§
414 3446 514 3497 63-69
539 3460 659 3498 numeros
681 3449 804 3511 tractant,
821 3451 891 3499 recte
915 3447 1005 3513 igitur,
1023 3448 1045 3499 si
1067 3463 1134 3499 nnuc
1158 3463 1264 3500 casuum
1286 3448 1403 3516 exempla

255 3517 413 3580 promuntur,
431 3515 458 3564 at
476 3517 564 3566 nostro
584 3518 634 3565 tres
652 3515 753 3568 16-18
772 3514 883 3580 augendi
900 3519 926 3566 et
944 3514 1074 3569 minuendi
1092 3515 1142 3567 loci
1161 3517 1176 3581 5
1194 3518 1298 3569 'tn-74
1315 3531 1404 3569 succc-

253 3581 330 3647 dunt,
357 3586 411 3633 tum
434 3580 545 3648 denique
569 3597 658 3633 omnes
682 3580 713 3633 ad
739 3597 814 3635 casus
838 3581 990 3635 referuntur.
1026 3584 1135 3650 quidam
1159 3587 1317 3636 nominatus
1339 3584 1401 3636 item

253 3649 314 3702 huic
341 3649 476 3713 convenit,
502 3665 560 3702 nam
587 3664 680 3702 nomen
704 3652 731 3701 ct
752 3649 908 3702 vocabulum
935 3652 1142 3719 comprehendit,
1170 3652 1239 3721 quod
1265 3655 1401 3718 utrumque

252 3721 345 3833 Εἴποι
363 3719 477 3783 apparet.
512 3717 558 3768 sed
576 3732 667 3769 sensns
685 3723 790 3784 apertus
807 3733 858 3770 non
877 3722 930 3780 est;
949 3734 1007 3771 nam
1026 3720 1048 3772 si
1066 3736 1091 3774 v.
1110 3737 1131 3774 c.
1150 3721 1281 3787 intelligas
1298 3719 1401 3787 iupiter,

281 3784 387 3851 aspiter‚
405 3785 487 3851 lovis,
505 3783 606 3850 Martis,
624 3786 688 3838 haec
705 3786 770 3838 inira
789 3786 805 3851 ξ
824 3789 924 3840 'lh-78
943 3791 1116 3853 exponuntur;
1139 3788 1316 3842 desiderantur
1333 3786 1401 3840 enim

254 3852 382 3917 exempla,
409 3868 474 3920 quae
494 3868 622 3920 nunquam
640 3853 741 3918 desunt,
762 3858 791 3905 ut
808 3853 968 3907 intercidisse
986 3857 1111 3924 quaedam
1129 3858 1180 3909 iarn
1197 3857 1257 3910 inde
1275 3855 1400 3918 coniciam

253 3923 307 3970 tum
325 3934 391 3986 quae
408 3920 529 3987 leguntur
546 3922 649 3974 uomina
668 3921 796 3986 derivata,
823 3936 873 3973 non
893 3938 981 3975 eorum
999 3940 1074 3978 casus
1090 3929 1214 3989 tractant,
1236 3929 1266 3977 ut
1282 3925 1401 3978 lacunam

253 3989 313 4052 post
325 3989 480 4052 analogiam
492 3987 607 4042 Muller
619 3988 730 4041 adderet.
755 3988 892 4042 desiderari
910 3993 1036 4059 quaedam
1053 3993 1130 4046 etiam
1148 3992 1227 4043 rerba
1245 3992 1340 4046 docent
1355 3992 1403 4044 aad

252 4056 284 4102 ut
306 4051 366 4103 disci
383 4058 456 4119 quod
476 4060 510 4109 ab
533 4057 717 4110 huiuscemodi
738 4060 941 4122 cognominibus
957 4078 1024 4114 raro
1042 4061 1213 4113 declinaretur
1230 4065 1401 4128 cognomina,

251 4118 422 4241 gpgdcpggtipp
440 4124 482 4176 hic
500 4141 583 4195 neque
601 4126 663 4179 alibi
680 4126 844 4188 memoravit;
872 4128 917 4181 sed
935 4146 950 4181 a
968 4130 1061 4199 quibus
1078 4125 1164 4179 verbis
1182 4124 1268 4178 hiatus
1286 4130 1402 4198 incipiat,
