3038 5048
266 293 344 334 mx
769 275 905 330 Praelatio.

266 472 359 512 versus
382 456 486 527 integer
508 460 563 518 est,
597 451 646 506 nisi
676 451 749 525 quod
777 452 866 508 omnir
893 450 943 524 (sic
964 450 1007 508 vel
1029 466 1122 507 ornnes
1144 451 1223 506 etiam
1250 452 1419 529 apographa)

266 541 293 597 in
314 540 415 596 artinis
438 536 628 610 corrigendum
651 553 709 593 esse
731 545 758 593 et
779 553 823 592 res
839 546 866 593 ct
886 536 991 593 numeri
1012 536 1120 601 docent,
1143 551 1222 593 nemo
1245 544 1333 594 tamen
1357 548 1420 597 ante

268 624 412 681 Victorium
434 631 461 679 et
482 622 664 694 Augustinum
686 621 737 677 hoc
759 621 897 687 indicavit;
921 621 1106 694 interpretatio
1128 637 1191 676 vero
1214 620 1329 679 multum
1352 640 1420 680 cor-

266 718 361 782 rupta,
396 709 429 763 ita
460 717 546 764 tamen
569 715 600 762 ut
621 705 678 762 lere
700 714 773 762 recte
795 705 899 762 restitui
922 705 1016 779 possit.
1061 703 1146 760 Verba
1170 704 1297 762 Varronis
1321 706 1351 770 V,
1376 711 1414 767 97

265 792 346 849 lrcns
369 793 443 864 qnod
463 791 566 848 Sabini
586 791 687 864 prens,
711 792 784 863 qnod
805 792 863 847 illis
885 790 981 862 fedus,
1005 791 1036 846 in
1058 790 1141 846 Latia
1163 806 1231 845 rare
1253 792 1339 860 ednsr
1369 795 1418 865 pari

264 879 296 934 in
317 877 387 933 urbe
409 885 440 933 nt
461 877 492 932 in
513 876 606 932 maltis
628 873 650 930 Α
675 876 771 932 addito
798 877 901 941 aedas,
936 874 1161 949 quemadmodum
1182 875 1304 950 exempla
1331 877 1417 935 relin-

265 962 352 1036 genda
380 962 433 1018 sint
463 961 621 1025 ostendunt,
657 960 684 1015 li.
707 977 731 1016 e.
760 960 875 1017 rusticos
904 976 997 1025 scena,
1031 967 1183 1032 sceptrum,
1217 959 1415 1027 feneratricem,

265 1046 392 1112 lenisicia,
415 1046 539 1109 blesium,
564 1044 681 1101 urbanos
704 1061 767 1100 vero
790 1046 887 1101 inserta
909 1044 997 1101 littera
1020 1048 1041 1099 Α
1065 1043 1255 1117 pronuntiasse
1277 1054 1306 1102 et
1326 1047 1416 1122 scrip-

264 1132 339 1188 sisse.
384 1148 419 1187 aa
440 1138 471 1186 nt
495 1128 599 1186 Graeci
628 1137 677 1185 ant
705 1127 805 1185 Aerias
834 1131 932 1186 scribit
961 1145 1046 1185 scena
1074 1145 1139 1185 sana
1167 1144 1223 1184 nou
1251 1139 1331 1196 sunt,
1366 1148 1417 1189 nec

263 1215 402 1290 probabile
425 1215 498 1289 quod
519 1214 615 1270 blttller
636 1215 738 1271 invenit
759 1231 794 1270 aa
815 1222 845 1269 nt
870 1212 976 1270 Graeci
998 1206 1113 1292 σκηνή,
1141 1220 1173 1269 ιιι
1194 1211 1295 1270 Accius
1317 1218 1417 1273 scribit

263 1317 360 1370 scena,
382 1300 467 1356 multo
490 1301 578 1355 minus
600 1296 737 1371 probabile
752 1299 912 1354 Lachmanni
935 1307 1116 1355 commentum
1133 1295 1289 1354 Obscennm
1311 1300 1417 1357 dictam

265 1401 283 1439 a
306 1400 391 1440 scena
415 1384 469 1440 Ji.
491 1392 521 1439 nt
539 1381 644 1439 Gracci
667 1390 716 1438 ant
738 1383 838 1440 Accius
860 1385 959 1438 scribit
980 1399 1122 1439 scaenam.
1152 1382 1236 1438 Varro
1259 1384 1417 1459 simpliciter

264 1469 403 1543 scripsisse
435 1469 539 1524 videtur
572 1469 607 1523 ab
641 1484 748 1523 scaena
781 1477 830 1523 ant
862 1484 964 1539 praece
995 1474 1027 1523 nt
1054 1465 1155 1523 Accius
1188 1469 1286 1524 scribit
1318 1485 1415 1526 scena.

263 1553 329 1610 haec
351 1555 457 1628 quidem
480 1563 570 1626 aperta
593 1552 734 1626 usquead
756 1552 849 1608 Lucilii
872 1570 993 1617 versum,
1017 1552 1109 1617 cuius,
1134 1552 1208 1626 quod
1231 1553 1335 1626 integer
1357 1571 1415 1611 non

264 1648 314 1704 est,
337 1656 432 1695 sensus
454 1639 586 1701 incertus;
612 1637 739 1694 tortasse:
764 1636 823 1693 vide
839 1655 872 1694 ne
888 1637 1024 1700 Caecilius,
1049 1637 1095 1711 qui
1112 1637 1223 1693 cecilius
1246 1639 1414 1711 pronuntiat,

264 1724 381 1779 rusticus
406 1722 461 1778 fiat.
507 1739 538 1778 er
569 1721 686 1777 Diomed.
718 1740 743 1794 p.
767 1723 828 1779 452
853 1722 884 1777 ll.
915 1722 1088 1778 detractione
1112 1763 1119 1777 .
1143 1764 1150 1778 .
1174 1722 1302 1789 litterae,
1336 1732 1368 1780 ιιι
1390 1726 1416 1780 si

264 1809 392 1864 detracta
407 1825 426 1863 a
447 1808 542 1864 littera
560 1815 660 1878 pretor
682 1808 817 1871 dicamas,
840 1815 871 1863 nt
886 1806 1013 1863 anilins
1032 1814 1132 1879 pretor
1152 1822 1188 1861 ne
1209 1807 1332 1863 rusticas
1353 1810 1413 1882 fiat,

264 1909 327 1947 carn
349 1892 448 1947 debeat
470 1908 504 1947 ae
522 1892 707 1964 pronuntiari
725 1899 844 1964 praetor
866 1891 983 1964 Scaliger
1005 1890 1145 1947 Caecilius
1163 1898 1296 1964 praetor,
1319 1892 1416 1950 lliiller

266 1977 386 2033 Ceeilins
408 1983 505 2048 pretor
526 1976 651 2031 correxit.
697 1992 784 2048 panse
807 1985 887 2049 tnrpe
911 1978 936 2031 b.
958 1976 978 2031 l.
1001 1985 1071 2032 stare
1093 1992 1148 2031 nou
1173 1984 1304 2049 possunt,
1340 1977 1414 2033 nulla

264 2062 332 2118 cuim
348 2061 484 2134 praecedit
504 2077 546 2116 res
562 2078 613 2134 qua
636 2060 661 2115 id
684 2062 850 2127 ostenditur;
874 2062 899 2116 id
922 2070 1033 2135 apparet
1054 2078 1086 2116 er
1107 2061 1138 2115 iis
1161 2078 1228 2134 quae
1251 2071 1411 2135 sequuntur,

263 2147 413 2221 postposita
434 2146 516 2219 igitur
537 2145 627 2201 locum
648 2154 766 2210 mutent,
800 2147 932 2202 scaevola
957 2147 1103 2218 appellata
1129 2161 1160 2202 ea
1189 2163 1232 2200 res
1261 2146 1411 2220 turpicula;

263 2232 288 2288 id
310 2230 371 2287 alibi
392 2248 448 2286 non
470 2231 596 2287 traditum
619 2230 728 2286 Laetum
751 2231 842 2294 movit,
866 2241 896 2286 ut
917 2230 1043 2286 audacter
1063 2231 1129 2286 inde
1151 2229 1290 2286 Scaeuola
1312 2233 1412 2304 appel·

262 2318 337 2374 latus
358 2325 517 2390 reponeret;
543 2317 606 2373 Cod.
629 2316 648 2370 B
671 2325 698 2371 et
720 2316 861 2388 Scioppius
883 2315 947 2371 haec
970 2315 1105 2378 omittunt,
1129 2314 1176 2370 scd
1198 2331 1267 2388 quae
1289 2332 1412 2390 sequun-

263 2412 307 2458 tur
328 2402 361 2457 ad
383 2418 439 2457 rem
462 2400 631 2474 turpiculam,
656 2416 710 2455 non
732 2401 885 2456 adnomen
907 2400 1052 2473 pertinent,
1076 2409 1103 2455 et
1123 2398 1268 2472 singularia
1283 2401 1410 2465 notanda,

262 2503 317 2541 nou
341 2485 497 2557 corrigenda
520 2494 566 2540 aut
589 2483 701 2539 delenda
722 2494 795 2541 suut.
826 2501 844 2540 a
867 2501 920 2557 pne
943 2486 1046 2540 dicitnr
1068 2484 1181 2540 comitia
1204 2484 1319 2540 aliudue
1342 2485 1412 2557 qnid

262 2571 323 2624 disi
345 2577 395 2623 ant
416 2570 533 2624 sinistra
555 2585 627 2639 qaae
649 2586 722 2625 nnnc
744 2578 785 2624 est
807 2570 845 2624 sic
867 2569 886 2623 l'
909 2579 935 2625 et
957 2569 1078 2642 plerique
1101 2585 1203 2632 omnes,
1227 2569 1277 2624 uisi
1299 2569 1409 2643 quodG

261 2654 334 2708 dicit
361 2651 453 2708 scribit
481 2647 611 2730 (graviter
636 2653 664 2708 iu
686 2653 714 2708 h.
737 2653 756 2709 l.
779 2654 871 2728 lapsus
900 2663 941 2710 est
963 2647 1148 2727 Victorius;¹¹‘)
1177 2652 1308 2709 formulae
1330 2653 1409 2710 verba

261 2738 394 2809 precantis
409 2737 533 2793 videntur
555 2739 582 2792 in
603 2738 716 2793 comitiis
738 2738 849 2812 aliisque
870 2738 952 2795 rebus
973 2737 1098 2803 adhibita,
1123 2739 1149 2792 in
1173 2754 1224 2811 qua
1240 2739 1310 2803 diai,
1335 2740 1408 2813 quod

260 2821 358 2876 laetus
380 2822 480 2886 omisit,
514 2839 546 2877 ex
567 2820 738 2878 inferioribus
760 2823 933 2886 translatum,
967 2830 1018 2878 ant
1045 2839 1060 2877 a
1088 2821 1214 2878 Turnebo
1241 2821 1355 2879 feliciter
1381 2825 1408 2880 in

261 2906 310 2960 avi
332 2905 482 2961 restitutum
506 2916 556 2961 est.
601 2907 701 2979 optime
723 2922 833 2962 scevam
854 2908 881 2962 in
905 2910 1072 2963 obscaenum
1094 2905 1337 2974 mentiebatur,
1362 2909 1409 2965 sed

262 2988 392 3045 disiuncta
420 3000 484 3045 sunt
511 2991 537 3045 iu
565 3002 661 3063 poetae
692 3007 772 3047 versu
801 2993 933 3049 obscoeni
960 2994 1099 3064 interpres
1122 3001 1150 3048 et
1178 2990 1284 3063 sonesti
1306 2994 1407 3049 aminis

261 3081 374 3139 anctor3
408 3071 505 3129 laisum
527 3091 591 3147 ergo
614 3083 656 3130 est
684 3091 773 3147 paare
795 3078 869 3147 qnod
891 3079 952 3133 diri
974 3078 1141 3132 obscaenum
1163 3093 1243 3132 omen
1265 3084 1306 3133 est
1327 3093 1409 3133 omen

260 3167 355 3232 turpe,
380 3158 474 3213 ominis
496 3160 565 3214 euim
588 3160 750 3216 mentionem
772 3178 826 3217 nou
849 3161 913 3218 lecit
934 3170 961 3217 et
982 3161 1198 3232 coniungendam
1222 3176 1313 3233 gnare
1335 3163 1408 3233 qaod

260 3245 321 3300 diui
343 3244 510 3299 obscaenam
532 3252 628 3316 turpe,
661 3255 742 3319 atque
763 3247 815 3302 troc
837 3246 967 3303 vocabulo
990 3246 1110 3319 exposito
1131 3247 1183 3302 iam
1205 3262 1280 3303 more
1302 3262 1352 3302 suo
1374 3247 1406 3303 ad

259 3328 331 3383 aliud
352 3327 470 3384 eiusdem
490 3345 591 3395 versus,
615 3328 648 3383 ad
670 3346 749 3387 omen
772 3332 878 3387 transit:
903 3348 982 3387 omen
1005 3337 1045 3386 est
1060 3347 1154 3386 asmen
1169 3331 1245 3402 qnod
1261 3371 1268 3386 .
1285 3371 1292 3385 .
1309 3372 1316 3386 .
1332 3339 1407 3387 totus

258 3413 335 3470 locus
355 3413 437 3486 igitur
458 3414 496 3468 sic
516 3413 666 3470 reddendus
689 3424 744 3473 est:

413 3498 490 3570 apud
510 3497 644 3555 Matium.

463 3582 595 3638 obscoeni
615 3584 755 3655 interpres
776 3582 934 3654 fenestipue
957 3583 1057 3638 ominis
1080 3593 1189 3656 anctor,

259 3669 425 3723 obscaenam
447 3668 550 3722 dictum
573 3669 607 3722 ab
630 3684 748 3731 scaena,
784 3674 833 3723 ant
853 3684 969 3738 praece,
1001 3674 1031 3723 nt
1053 3665 1154 3726 demas
1176 3670 1286 3734 scribit,
1309 3684 1404 3726 scena.

256 3751 288 3807 in
306 3753 438 3825 pluribus
459 3752 552 3808 uerbis
575 3750 598 3806 A
620 3761 686 3807 ante
707 3751 733 3806 E
754 3752 807 3807 alii
824 3759 950 3824 ponunt,
980 3753 1033 3808 alii
1053 3770 1124 3819 nan,
1154 3762 1185 3810 nt
1207 3754 1281 3827 qnod
1299 3754 1406 3825 partim

259 3874 303 3881 n—-

326 3949 352 4011 *l
370 3948 429 4029 edit.
447 3949 526 4029 princ.
545 3965 561 3998 a
579 3949 781 4028 quandianntur·
798 3951 907 4028 comitia
925 3950 1033 4030 aliudue
1060 3951 1127 4015 quid
1148 3954 1186 4000 rit
1208 3954 1258 4002 aat
1284 3953 1404 4014 sinistra,

257 4014 687 4136 ttttffldttttlnttditt·
700 4017 1406 4139 t·illiti*¹¹¹lttt¹b⁶ttt¹ll⁰t⁰tttttttttt

256 4095 304 4216 {ro
323 4149 460 4228 dicantar,
478 4151 546 4219 quod
559 4123 651 4204 laetus
669 4168 713 4204 sua
733 4123 884 4205 auctoritet’e
902 4159 1007 4220 propter
1024 4156 1133 4205 connita
1151 4101 1244 4214 egilii&
1263 4153 1331 4206 idem
1349 4153 1403 4206 sine

257 4220 410 4268 auctoritate
428 4220 495 4282 (uam
514 4234 603 4272 omnes
621 4219 679 4271 libri
698 4220 803 4272 verbnm
821 4224 918 4286 tenent)
936 4223 981 4273 sed
999 4223 1053 4273 iure
1071 4225 1134 4286 puto
1153 4220 1215 4270 drssni
1231 4219 1335 4273 delevit.
