3038 5048
212 289 274 350 232
546 291 660 348 LIBER
676 290 806 349 NONUS.
842 293 1021 361 §ros-108.

211 462 398 531 sacrificabo
421 471 453 531 et
474 467 521 532 sic
546 485 603 550 per
631 471 731 532 totam
761 468 913 548 tonnam,
945 485 986 531 ne
1008 463 1093 530 dicat
1117 462 1376 534 Sacrificaturus

211 573 267 632 aut
296 565 500 634 Sacrificatus
534 588 622 651 sum3
665 565 746 633 haec
775 565 860 632 enim
890 565 971 634 inter
999 584 1128 633 senon
1158 568 1374 636 conveniunt.

82 666 104 746 ὅ
128 669 187 732 106
208 667 304 754 Apud
325 668 487 753 Plautum,
517 688 589 736 cum
610 668 702 736 dicit:

254 769 385 837 Piscis
408 791 479 856 ego
503 769 624 838 oredo
648 770 716 852 qui
738 789 862 852 usque
884 769 972 835 dum
994 767 1137 835 vivunt
1158 769 1317 837 lavant

252 871 330 938 Diu
351 873 480 939 minus
502 873 637 939 lavari
659 893 772 956 quam
793 870 893 937 haec
915 871 1026 937 lavat
1048 870 1340 955 Phronesium,
1386 886 1399 935 5

209 973 252 1040 ad
276 974 401 1040 Levant
423 975 540 1042 Lavari
562 996 626 1042 non
648 973 812 1058 convenit,
835 981 869 1040 ut
890 975 906 1039 I
926 975 968 1041 sit
989 981 1204 1058 postremum,
1238 973 1304 1040 sed
1326 975 1368 1058 Ε;

209 1074 252 1140 ad
275 1076 436 1142 Lavantur
457 1077 605 1162 analogia
627 1077 744 1144 Lavad
766 1075 886 1157 reddit,
921 1073 1006 1157 quod
1026 1074 1133 1140 Plauti
1155 1082 1215 1140 aut
1237 1075 1368 1142 librarii

56 1175 362 1244 ‹narseimendum
384 1178 412 1243 si
434 1185 491 1263 est,
514 1199 576 1245 non
599 1178 672 1246 ideo
695 1178 853 1261 analogia,
876 1177 934 1243 sed
956 1177 1011 1260 qui
1032 1176 1157 1261 scripsit
1178 1183 1231 1243 est
1251 1197 1366 1262 repre-

154 1319 159 1330 ·
209 1276 405 1346 hendendus.
450 1279 585 1346 Omnino
614 1286 645 1346 et
674 1281 777 1347 Lavet
807 1286 839 1345 et
868 1281 1009 1345 Lavatur
1037 1275 1151 1343 dicitur
1178 1279 1365 1364 separatim

208 1386 293 1448 recte
322 1382 355 1447 in
384 1382 478 1448 rebus
507 1381 618 1466 certis,
656 1379 742 1463 quod
776 1401 910 1466 puerum
943 1381 1049 1447 nutrix
1083 1380 1189 1461 lavet,
1228 1400 1316 1464 puer
1345 1393 1408 1448 att

84 1479 103 1562 fi
129 1485 187 1547 107
210 1484 332 1549 nutrice
354 1484 495 1568 lavatur,
517 1503 574 1550 nos
595 1484 628 1550 in
652 1483 774 1549 balneis
798 1491 830 1549 et
852 1484 997 1550 lavamus
1020 1486 1052 1548 et
1073 1482 1230 1549 lavamur.
1294 1482 1363 1549 Sed

209 1584 402 1652 consuetudo
426 1585 560 1653 alterum
582 1591 687 1651 utrum
711 1605 782 1651 cum
803 1584 881 1652 satis
904 1584 1052 1667 haberet,
1073 1584 1107 1649 in
1129 1587 1197 1650 toto
1222 1603 1362 1668 corpore

206 1686 313 1770 potius
336 1687 433 1752 utitur
455 1687 629 1771 Lavamur,
661 1687 694 1752 in
723 1686 867 1770 partibus
892 1688 1070 1769 Lavamus,
1102 1684 1187 1766 quod
1218 1684 1361 1753 dicimus

205 1788 279 1855 lavo
303 1807 431 1873 manus,
460 1788 507 1854 sic
528 1787 628 1873 pedes
652 1793 683 1855 et
704 1793 819 1855 cetera.
864 1787 970 1867 Quare
992 1806 1010 1854 e
1033 1787 1156 1853 balneis
1177 1807 1245 1854 non
1267 1796 1359 1855 recte

206 1888 314 1955 dicunt
347 1889 442 1972 Lavi,
477 1888 559 1956 Lavi
591 1909 704 1956 manus
736 1896 831 1958 recte.
883 1890 947 1956 Sed
979 1889 1128 1972 quoniam
1159 1889 1192 1954 in
1228 1890 1360 1959 balneis
1380 1904 1406 1955 ts

206 1990 311 2056 Lavor
333 1991 453 2057 Lautus
475 2011 562 2076 sum,
585 1992 742 2077 sequitur,
772 1996 807 2058 ut
836 1997 960 2075 contra,
990 1990 1139 2073 quoniam
1168 1996 1218 2056 est
1245 1991 1358 2077 Soleo,

205 2096 367 2175 oporteret
389 2092 453 2160 dici
474 2092 581 2178 Solui,
614 2101 648 2159 ut
671 2093 750 2161 Cato
773 2100 805 2160 et
826 2093 946 2159 Ennius
972 2092 1096 2176 scribit,
1130 2112 1193 2158 non
1216 2100 1252 2159 ut
1275 2092 1359 2161 dicit

203 2193 331 2278 volgus,
355 2193 474 2261 Solitus
496 2214 583 2278 sum,
606 2194 739 2261 deberet
761 2194 840 2278 diei;
865 2214 969 2277 neque
991 2200 1121 2279 propter
1143 2193 1240 2279 haec,
1264 2197 1357 2278 quod

204 2293 385 2380 discrepant
405 2296 438 2362 in
460 2316 605 2363 sermone
631 2317 749 2382 pauca,
782 2296 884 2361 minus
914 2302 963 2363 est
991 2296 1155 2380 analogia,
1188 2300 1223 2362 ut
1253 2317 1356 2383 supra

197 2395 317 2465 dictum
339 2405 395 2465 est.
1376 2415 1404 2466 no

74 2496 178 2580 §108
287 2503 335 2566 62.
372 2501 452 2566 ltem
475 2519 529 2565 cur
551 2500 675 2565 nonsit
697 2500 861 2584 analogia,
893 2499 1045 2583 afferunt,
1079 2498 1164 2581 quod
1186 2501 1228 2566 ab
1260 2500 1351 2568 simi·

46 2580 193 2634 ‘”'⁶³⁰⁵¹''¹‘
203 2602 288 2668 libus
311 2601 428 2668 similia
450 2621 514 2666 non
534 2601 747 2684 declinentur,
769 2608 804 2667 ut
827 2602 868 2668 ab
891 2602 974 2669 Dolo
997 2608 1030 2667 et
1052 2601 1144 2684 Colo,
1178 2602 1220 2666 ab
1243 2604 1350 2672 altero

286 2774 297 2822 1
318 2784 369 2823 nec
386 2770 476 2839 vulg.
493 2800 528 2808 —
546 2768 760 2833 sacrificaturus]
779 2768 973 2824 sacrificandus
985 2770 1070 2838 vulg.
1085 2763 1271 2824 ‘sacrificatur
1286 2771 1350 2840 fuit

196 2868 257 2906 enm
282 2854 446 2918 conicerem,
473 2858 665 2925 exspectamus
687 2870 749 2909 cero
773 2853 955 2909 sacrificabor.
980 2855 1049 2924 sort.
1072 2853 1277 2910 sacrificaturus
1295 2864 1349 2914 aut

196 2933 259 2991 del!
288 2937 358 3007 LSp.
390 2940 444 2992 nisi
472 2937 648 2993 sacrificabor
677 2944 897 3008 exspectaretur,
931 2945 1043 3009 praesto
1072 2945 1143 2992 esset
1170 2939 1348 2996 sacrificatur

196 3024 300 3076 taurus.
328 3052 361 3060 -
389 3022 559 3086 arantum]
579 3023 757 3101 Truc3l1,3,
778 3028 800 3076 1.
826 3022 900 3092 eoas.
917 3025 1028 3091 Bergk
1047 3024 1172 3093 Beitrbge
1189 3025 1211 3093 I,
1232 3029 1290 3079 125.
1309 3057 1347 3068 -

191 3132 272 3210 ‘sore
290 3132 403 3193 urcitur’
420 3139 492 3209 usp.
511 3169 544 3178 -
563 3102 746 3210 serdille.
774 3171 808 3179 -
835 3141 944 3206 orsu]
962 3141 1001 3210 u,
1019 3142 1044 3196 n
1063 3143 1098 3197 su
1115 3159 1142 3211 p,
1162 3143 1184 3196 r
1202 3143 1238 3197 su
1255 3146 1289 3199 r.
1308 3176 1344 3186 -

195 3227 209 3279 8
228 3224 364 3287 mendum]
391 3225 517 3278 mendum
544 3240 616 3279 corr.
644 3242 681 3280 ecc
704 3224 835 3280 mendant
857 3227 894 3293 F,
920 3227 1052 3281 mendunt
1075 3227 1112 3295 V,
1137 3227 1281 3284 mendiunt
1302 3230 1343 3300 M,

193 3310 328 3366 Laetus.
347 3340 380 3349 —
398 3315 413 3364 9
431 3309 514 3373 lavat]
533 3309 568 3378 Η,
586 3309 683 3365 lauant
699 3312 731 3365 F.
750 3339 783 3348 -
800 3310 916 3375 lavatur]
933 3312 1061 3366 lavantur
1078 3311 1340 3370 Rholandellus.

192 3425 226 3434 -
249 3398 279 3448 10
298 3395 369 3449 laua
394 3409 463 3462 puer
486 3394 518 3446 F.
545 3424 578 3432 —
608 3399 638 3449 11
661 3395 776 3449 balineis
799 3395 884 3463 vulg.
911 3426 944 3435 —
972 3401 1004 3450 14
1022 3413 1037 3452 e
1058 3397 1173 3462 balneis]
1196 3413 1212 3452 e
1234 3399 1342 3454 ualneis

192 3478 251 3534 FV
259 3497 287 3550 p,
314 3483 343 3533 et
360 3481 391 3533 ut
408 3479 437 3532 in
455 3480 495 3532 eis
513 3478 551 3545 Μ,
578 3479 717 3534 Laetus.
745 3510 779 3520 —
808 3485 839 3535 15
853 3474 894 3534 ‘in
912 3481 1017 3536 balneis
1038 3482 1108 3552 fort.
1127 3476 1188 3535 del?
1204 3482 1277 3554 LSp.
1307 3515 1341 3525 —

192 3568 223 3618 16
242 3565 342 3628 lautus]
369 3564 402 3632 F,
428 3564 537 3618 leuatus
562 3564 674 3618 ceteri
698 3565 727 3620 ei
745 3564 836 3634 fallor
859 3582 958 3620 omnes.
984 3597 1016 3604 —
1047 3571 1076 3620 11
1096 3571 1243 3637 oporteret]
1265 3569 1340 3640 LSp,

192 3652 301 3717 oportet
318 3651 356 3718 F,
382 3651 509 3717 oporteat
526 3648 667 3703 Mdller.
694 3679 728 3688 -
756 3649 880 3705 scribunt
896 3650 983 3706 Pius.
1011 3681 1043 3690 -
1072 3655 1101 3706 18
1120 3653 1241 3718 deberet]
1265 3653 1338 3724 LSp,

191 3732 290 3788 debere
308 3735 340 3787 F.
366 3733 408 3787 oet
425 3736 534 3801 oportet
551 3733 606 3786 dici
623 3732 667 3787 vel
683 3733 781 3788 debere
799 3733 855 3788 dici
872 3735 924 3790 del.
944 3736 1073 3792 Christ.
1092 3767 1124 3775 -
1143 3738 1216 3806 quod
1234 3737 1337 3793 discre-

189 3823 266 3885 pant]
286 3817 403 3888 GHVp,
422 3818 494 3887 quod
511 3818 670 3886 discrepant
686 3834 755 3872 corr.
775 3835 812 3874 ecc
829 3821 901 3888 quod
919 3835 933 3890 e
952 3821 1109 3891 discrepant
1120 3823 1142 3874 F
1155 3822 1244 3890 (Keil),
1262 3839 1335 3876 corr.

190 3918 228 3956 ex
246 3918 315 3970 quae
334 3903 491 3973 discrepant
507 3902 661 3971 Ftiiroth),
679 3903 751 3971 quod
768 3906 803 3959 he
822 3906 979 3975 discrepant
995 3906 1034 3974 M,
1052 3907 1124 3976 quod
1140 3908 1209 3960 haec
1227 3922 1336 3975 quoque

189 3985 347 4058 discrepant
364 3985 418 4041 vul
424 4003 449 4055 g.
468 4016 500 4026 —
520 3989 550 4040 21
570 3985 696 4054 afferunt]
710 3987 758 4057 Vp
777 3990 872 4058 vulg,
890 3995 1016 4046 asserunt
1033 3991 1056 4044 F
1074 3991 1189 4057 (Groth),
1208 3995 1336 4046 usserunt

188 4069 243 4124 titt.
262 4087 290 4125 ss
308 4074 336 4126 ia
353 4088 407 4127 ras.
427 4087 500 4126 corr.
517 4072 587 4140 fort.
606 4088 643 4126 ex
660 4071 719 4127 ffF
734 4072 822 4143 (Keil),
839 4074 906 4130 mibi
922 4091 978 4130 non
995 4092 1094 4129 rasura
1110 4074 1251 4129 videbatur
1268 4091 1336 4141 esse,

185 4153 235 4207 sed
252 4155 491 4211 membranaceis
509 4155 626 4226 quodam
638 4157 785 4229 paululum
804 4160 907 4214 attrita.
926 4189 956 4198 -
976 4163 1009 4212 22
1026 4159 1124 4214 obdolo
1142 4174 1211 4212 eorr.
1229 4176 1267 4214 ex
1284 4160 1335 4214 ad·

184 4239 248 4294 dolo
266 4239 298 4292 F.
