3038 5048
479 301 594 357 LIBER
610 301 801 359 SEPTIMUS.
837 304 854 372 ἦ
873 307 982 360 'lb—73.
1273 309 1333 368 145

183 473 253 540 Hoc
275 474 452 539 factitatum
473 473 664 541 Aristoteles
685 472 797 541 scribit
816 473 851 540 in
869 473 954 543 ‘libro
984 476 1039 560 qui
1065 475 1247 545 inscribitur
1277 477 1334 544 νό-

182 599 270 658 μιμα
298 573 502 660 βαρβαρικά,
537 574 652 657 quibus
682 574 897 643 testimonium
924 583 990 661 ost,
1022 580 1108 661 quod
1130 576 1262 646 *fretum
1284 588 1333 648 est
1446 562 1451 571 ’

182 674 319 744 Naevii:

226 779 331 844 Haec
360 776 514 860 quidem
551 776 698 864 hercle,
735 779 892 866 opinor,
927 779 1111 867 praefica
1138 788 1211 866 est;
1246 801 1332 849 nam

144 896 160 946 1
814 888 1007 950 mortuum
1029 882 1243 950 collaudat.

183 980 336 1052 Claudius
357 982 483 1065 scribit,
517 1001 599 1065 quae
626 981 851 1067 praeficeretur
884 984 1025 1067 ancillis,
1058 982 1327 1067 quemadmodum
1337 1003 1485 1057 casamo

183 1087 448 1168 lamentarentur,
480 1081 620 1168 praefica
642 1091 692 1151 est
712 1084 809 1152 dicta.
843 1091 1012 1169 utrumque
1034 1084 1174 1153 ostendit
1195 1106 1215 1152 a
1237 1104 1327 1170 prae·

182 1188 319 1256 lectione
340 1184 517 1255 Praedcam
540 1185 668 1252 dictam.

267 1288 363 1376 Apud
383 1288 535 1356 Ennium:
1376 1294 1398 1374 ξ
1419 1295 1458 1379 ll

131 1404 159 1455 ro
462 1389 600 1457 decem
622 1387 800 1457 Coclites
823 1408 920 1473 quas
942 1391 1147 1458 montibus
1168 1393 1329 1460 summis

332 1491 476 1578 Ripeis
496 1493 644 1560 fodere.

181 1596 223 1662 ab
246 1594 339 1663 oculo
362 1593 476 1662 Cocles
498 1599 534 1661 ut
563 1594 649 1662 ocles
678 1593 782 1661 dictus
813 1594 868 1676 qui
897 1614 993 1662 unum
1021 1594 1155 1664 haberet
1183 1595 1326 1679 oculum;
1403 1624 1406 1633 .

181 1696 332 1781 quocirca
353 1695 386 1760 in
409 1696 599 1763 Curculione
622 1702 683 1762 est:

331 1799 387 1863 De
410 1797 613 1865 Coclitum
635 1795 828 1883 prosapia
850 1792 908 1883 [te]
931 1816 1022 1865 osse
1044 1798 1237 1884 arbitror3

129 1912 157 1964 15
332 1899 426 1965 Nam
450 1898 603 1965 bisunt
626 1897 803 1965 unoculi.

266 2040 296 2100 4.
318 2034 412 2101 Nunc
433 2032 474 2101 de
497 2034 694 2119 temporibus
716 2034 832 2103 dicam.
862 2033 955 2113 Quod
977 2041 1026 2102 est
1048 2035 1135 2119 apud
1158 2035 1321 2104 Cassium:
1344 2038 1365 2118 §
1389 2040 1429 2102 72

221 2137 348 2203 Nocte
369 2135 615 2220 intempesta
635 2144 814 2205 nostram
837 2135 1005 2205 devenit
1026 2133 1194 2220 domum,
1330 2118 1480 2173 ‘ww'

179 2239 374 2322 Intempesta
395 2259 460 2306 nox
482 2236 570 2305 dicta
590 2239 633 2305 ab
655 2244 860 2324 tempestate,
883 2238 1073 2322 Tempestas
1095 2237 1138 2302 ab
1163 2243 1323 2323 tempore,

180 2361 245 2407 nox
270 2340 463 2424 intempesta
489 2359 552 2422 quo
573 2346 717 2426 tempore
739 2338 819 2405 nihil
841 2337 953 2423 agitur.

125 2420 155 2471 ²⁰
380 2440 483 2520 Quid
505 2443 639 2508 noctis
660 2441 823 2510 videtur
844 2441 883 2507 in
905 2439 1084 2509 altisono
1343 2443 1363 2522 §
1387 2445 1426 2506 73

381 2542 494 2609 Caeli
516 2542 675 2628 clipeo?
697 2544 818 2610 Temo
841 2547 1007 2629 superat
1029 2538 1164 2627 [stellas]

380 2644 566 2711 Sublimc
587 2664 741 2728 augens
764 2644 885 2711 etiarn
907 2652 1029 2728 atque
1052 2645 1173 2711 etiam

378 2745 519 2813 Noctis
541 2746 628 2812 iter.

246 2903 257 2950 1
278 2896 408 2953 scribitur
424 2898 458 2962 F,
475 2914 547 2952 corr.
563 2899 651 2967 vulg.
670 2914 707 2953 ecc
725 2897 757 2952 Β.
775 2897 851 2967 eoas.
868 2899 1004 2953 Lachm.
1023 2899 1059 2952 ad
1076 2899 1158 2954 Lucr.
1176 2917 1203 2969 p.
1215 2902 1274 2954 232.
1287 2928 1321 2937 -

173 2983 286 3040 nomina
302 2983 449 3039 barbarica
460 2984 493 3051 F,
511 2999 583 3038 corr.
598 2983 793 3049 Turnebus,
811 2981 1007 3039 Nunnesius
1025 2984 1062 3038 ad
1079 2983 1162 3038 Arist.
1181 2983 1228 3038 vit.
1247 2985 1319 3053 §db

173 3098 208 3110 -
226 3073 242 3123 2
259 3069 368 3134 fretum]
394 3068 489 3124 tritum
514 3069 701 3135 Bucheler,
728 3067 848 3123 facetum
870 3067 913 3122 vel
934 3067 1023 3123 facete
1045 3067 1147 3122 dictum
1164 3068 1321 3123 Ribbeck

174 3170 243 3209 com.
263 3154 297 3208 ΙΙ
313 3155 397 3209 Naar.
419 3157 477 3208 129.
496 3152 713 3222 Quadrigeminis
731 3156 798 3224 (pro
816 3152 890 3222 quod
907 3152 1007 3207 fretum
1024 3156 1076 3217 est)
1094 3152 1227 3221 Mulier,
1245 3155 1319 3224 quod

173 3238 255 3295 affert
270 3237 342 3292 idem
359 3238 501 3293 Ritschl
517 3238 628 3306 Parerg.
646 3257 674 3308 p.
694 3243 736 3294 98.
762 3266 797 3278 -
823 3242 838 3291 3
856 3238 931 3293 neuii
949 3237 982 3306 F,
1000 3237 1102 3292 Nerius
1119 3238 1257 3292 Laetus.
1286 3268 1320 3277 -

174 3326 191 3375 4
207 3327 279 3386 nam]
298 3339 367 3390 quae
385 3323 424 3376 sic
441 3323 520 3378 Paul.
538 3323 613 3378 Fest.
631 3342 659 3394 p.
679 3327 728 3379 223
746 3323 795 3392 M,
816 3323 895 3392 quasi
912 3322 1075 3378 Ribbeck.
1101 3352 1136 3362 -
1162 3327 1178 3376 5
1195 3325 1318 3376 mortuns

172 3406 213 3472 M,
230 3412 352 3462 mortuos
369 3406 510 3461 Laetus.
529 3423 622 3463 versus
639 3414 680 3462 est
697 3414 803 3464 latram.
828 3408 908 3462 lamb.
931 3408 1009 3460 cuius
1026 3407 1060 3461 ab
1078 3407 1157 3462 initio
1173 3423 1228 3478 pro
1240 3407 1317 3463 Haec

173 3491 281 3559 quidem
297 3490 390 3545 hercle
406 3490 489 3546 scrib.
507 3491 561 3545 erit
578 3493 713 3562 Equidem
729 3493 828 3548 hercle.
853 3491 934 3545 aliter
951 3491 1089 3546 Ritschl
1106 3492 1215 3560 Parerg.
1237 3509 1264 3562 p.
1284 3495 1316 3547 98

172 3576 237 3630 adn.
255 3604 289 3613 -
307 3578 322 3628 6
339 3573 558 3643 proficisceretur
571 3577 635 3631 GH.
654 3608 686 3616 —
707 3583 737 3632 10
750 3583 826 3646 quas]
844 3593 911 3646 quos
929 3576 1053 3643 Aldus,
1071 3592 1137 3644 ques
1156 3577 1317 3646 Scaliger,

171 3659 234 3728 quis
251 3658 385 3715 Vahlen
402 3675 428 3727 p.
450 3662 507 3727 162,
535 3660 612 3730 queis
629 3660 774 3717 Ritschl
796 3661 896 3732 Opusc.
915 3662 942 3715 11
964 3678 992 3731 p.
1012 3666 1071 3715 515.
1105 3662 1175 3731 sort.
1194 3677 1240 3716 ras
1258 3661 1317 3716 scil.

166 3744 283 3816 plenum
300 3743 364 3797 auri
382 3741 540 3814 Grypbibas
557 3747 652 3816 erepti.
670 3744 704 3800 dc
723 3746 869 3802 coelitibus
891 3747 929 3817 cs.
949 3745 1083 3800 Herodoti
1100 3746 1150 3812 ΙΙΙ,
1168 3749 1227 3813 116,
1244 3746 1316 3800 Plin.

171 3829 233 3897 VII,
252 3832 267 3883 2
284 3828 320 3882 al.
339 3857 373 3867 ·-
392 3832 422 3882 11
440 3828 501 3897 ripe
517 3828 542 3884 is
559 3829 594 3898 V,
611 3830 714 3898 ripheis
731 3832 758 3885 b.
777 3862 810 3872 -
828 3831 930 3896 fodere]
948 3846 974 3898 a,
1001 3830 1111 3886 foedere
1130 3830 1197 3897 GH,
1224 3829 1317 3887 federe

172 3913 204 3981 F,
223 3914 317 3969 sedere
334 3913 452 3968 Aldus.
471 3943 504 3952 -
524 3918 556 3968 14
568 3915 714 3970 coculitum
731 3916 868 3971 Ritschl
886 3915 986 3985 Opusc.
998 3916 1025 3970 Π
1042 3919 1215 3984 11515581,
1231 3915 1316 3972 Rib-

171 3994 272 4064 beclr,
290 3997 396 4055 Goetz
413 3996 491 4068 apud
507 3998 597 4054 Plani.
617 4000 696 4055 Cure.
709 4001 758 4069 111,
773 4006 796 4070 1,
809 4005 850 4055 23.
869 4031 901 4039 -
919 4003 957 4063 tel
976 3999 1038 4054 add.
1057 3998 1143 4068 vulg.
1156 4015 1194 4054 ea
1205 3997 1316 4056 Plauto.

172 4108 204 4117 -
223 4085 255 4135 15
272 4082 302 4135 hi
318 4099 370 4137 om.
388 4082 422 4149 V,
440 4083 577 4138 Laetus.
596 4113 629 4124 -
650 4089 681 4139 16
700 4084 831 4150 Cassium]
849 4085 879 4140 C.
897 4083 1008 4139 Actium
1026 4083 1214 4139 Turnebus.
1237 4085 1315 4155 conf.

171 4163 268 4220 Ribb.
285 4171 321 4221 tr.
338 4166 386 4222 ir.²
403 4170 461 4222 Ati.
479 4172 567 4236 praet.
585 4172 616 4223 41
636 4185 664 4237 p.
684 4173 742 4224 265.
760 4168 813 4224 vid.
832 4186 919 4241 supra
936 4169 975 4222 VI
993 4171 1009 4237 6
1027 4174 1052 4222 1.
1070 4198 1104 4208 -
1124 4173 1154 4225 18
1172 4186 1228 4225 nox
1243 4170 1315 4240 fort.

171 4246 223 4302 del.
241 4280 274 4289 —
294 4251 423 4306 lbnichil
439 4251 472 4306 F.
490 4282 523 4293 -
542 4256 573 4308 21
587 4253 689 4322 stellas]
707 4252 795 4310 delevi
810 4271 870 4308 cum
887 4254 1087 4310 Hermanno.
1105 4284 1140 4294 -
1158 4259 1190 4311 22
1202 4261 1314 4325 nugend

222 4351 357 4405 Spengel.
377 4355 443 4396 Varro
458 4353 486 4396 do
499 4354 577 4407 lingua
589 4354 666 4398 latina.
1079 4343 1110 4393 10
