3038 5048
257 310 297 368 20
588 307 702 363 ursus
720 307 888 375 orturus.
925 311 941 377 s
961 313 1070 364 rs-so,

257 488 326 549 tera
349 482 390 560 O,
422 503 486 548 non
514 485 551 548 B.
597 484 705 564 Pagus
734 483 935 549 Succusanus
969 481 1055 564 quod
1086 480 1238 547 succurrit
1271 479 1410 546 Oarinis.

150 589 169 664 S
192 588 233 650 49
256 583 425 651 Secundae
447 583 585 664 regionis
607 584 782 666 Esquiliae.
822 585 878 649 alii
899 585 958 650 has
981 583 1174 667 scripserunt
1196 583 1237 648 ab
1262 583 1409 648 excubiis

256 685 340 770 rchs
364 684 480 768 dictas,
503 686 558 751 alii
580 686 622 752 ab
646 708 683 752 eo
707 685 792 768 quod
815 682 963 770 aesculp's
986 681 1136 770 constitae
1158 706 1178 750 a
1199 705 1275 769 rege
1298 682 1409 750 Tullio

257 793 371 853 essent.
422 786 506 854 Huic
534 788 648 871 origini
676 788 779 871 magis
808 788 975 854 concinunt
1007 787 1070 854 loci
1097 786 1211 869 vicini,
1245 785 1332 866 quod
1361 786 1409 851 ibi

256 888 347 954 lucus
370 888 484 955 dicitur
504 890 652 956 iacutalis
682 896 713 954 et
734 891 852 955 Larum
875 889 1168 971 Querquetulanum
1198 888 1353 954 sacellum
1377 895 1449 954 eto

256 992 346 1057 lucus
369 990 484 1058 Mefitis
507 998 540 1058 et
561 992 690 1058 Iunonis
713 993 868 1075 Lucinae,
900 1011 1033 1075 quorum
1061 991 1188 1072 angusti
1210 990 1298 1057 fines.
1343 1011 1411 1058 non

148 1098 169 1177 ξ
193 1099 232 1158 50
255 1093 386 1176 mirum,
420 1093 561 1159 iamdiu
590 1093 673 1158 enim
702 1094 769 1160 late
791 1095 1004 1159 avaritiaene
1027 1100 1083 1160 est.
1154 1092 1317 1176 Esquiliae
1345 1090 1411 1158 duo

118 1176 383 1261 (⁹·⁶⁵⁸⁹'¹'montcs
405 1195 522 1278 habiti,
552 1194 639 1276 quod
660 1215 735 1279 pars
758 1193 899 1281 Oespeus
928 1217 1017 1262 mons
1044 1215 1102 1262 suo
1125 1197 1257 1276 antiquo
1279 1193 1411 1260 nomine

257 1296 354 1362 etiam
376 1317 459 1363 nuno
481 1295 515 1361 in
537 1297 636 1362 sacris
658 1297 847 1381 appellatur.
885 1299 923 1362 In
942 1298 1041 1365 sacris
1056 1299 1233 1378 Argeorum
1255 1295 1410 1378 scriptum

257 1399 303 1463 sic
326 1406 388 1466 est:
1436 1397 1466 1446 10

410 1514 537 1571 OPPIUS
555 1514 655 1570 MONS
667 1514 845 1570 PRINOEPS
862 1514 1029 1584 ESQUILIS
1042 1515 1134 1570 OULS
1152 1515 1280 1570 LUOUM
1296 1513 1411 1568 FAOU·

462 1598 593 1654 TALEM
611 1599 779 1656 SINISTRA
802 1601 902 1668 QUAE
925 1600 1127 1657 SECUNDUM
1147 1599 1311 1655 MOERUM
1328 1597 1410 1653 EST.

117 1704 246 1757 (nesso-¹)
410 1700 537 1756 OPPIUS
566 1702 667 1759 MONS
698 1702 903 1759 TERTIOEPS
935 1703 987 1759 CIS
1018 1702 1147 1758 LUOUM
1179 1700 1412 1769 ESQUILINUM

460 1786 681 1843 DEXTERIOR
698 1789 762 1843 VIA
780 1789 819 1843 IN
838 1787 1065 1843 TABERNOLA
1082 1785 1161 1840 EST.

410 1887 538 1944 OPPIUS
560 1888 661 1946 MONS
685 1890 915 1958 QUARTIOEPS
943 1890 997 1945 OIS
1019 1889 1148 1944 LUOUM
1176 1885 1409 1955 ESQUILINUM
1436 1887 1464 1937 it

460 1973 555 2028 VIAM
573 1975 848 2030 DEXTERIOREM
865 1976 905 2030 IN
923 1975 1084 2032 FIGLINIS
1101 1974 1181 2029 EST.

256 2228 355 2299 libri,
382 2234 458 2299 puto.
486 2229 553 2286 SUO
570 2232 640 2300 LSp.
661 2262 693 2270 -
712 2229 842 2285 scribitur
893 2231 976 2286 tertia
994 2230 1026 2298 F,
1044 2237 1076 2285 ut
1088 2232 1169 2286 trium
1179 2229 1243 2299 sere
1255 2229 1410 2283 litterarum

255 2320 327 2384 spot.
346 2316 461 2381 intersit,
489 2332 576 2385 quere
593 2316 765 2371 Merclrlin
782 2315 881 2370 Philol.
900 2316 980 2383 XIII,
1001 2320 1050 2370 692
1068 2315 1131 2370 coll.
1150 2314 1243 2383 Quint.
1262 2315 1329 2369 Inst.
1350 2319 1375 2381 1,
1395 2319 1409 2366 ἵ

218 2462 224 2466 ,
251 2399 417 2470 proposuit:
434 2417 509 2455 nunc
521 2401 651 2456 scribitur
663 2401 728 2456 SVO
741 2401 830 2455 tertia.
860 2402 887 2454 si
903 2400 971 2470 quid
983 2400 1047 2454 latet
1062 2400 1091 2452 io
1109 2401 1162 2454 isto
1179 2401 1280 2470 spatio,
1299 2397 1392 2452 enaiim
1399 2417 1408 2450 .·

256 2484 415 2540 Succusano
425 2486 527 2541 dictam
536 2491 603 2555 puto
614 2486 755 2541 Sucnram.
775 2501 848 2540 nunc
859 2486 989 2540 scribitur
998 2484 1075 2553 SUB,
1085 2485 1169 2540 tertia
1177 2484 1300 2540 litteraB
1310 2498 1366 2538 non
1377 2483 1408 2538 C.

256 2599 290 2606 —
308 2573 322 2620 2
342 2569 492 2638 Esquiliae]
511 2571 586 2640 LSp,
611 2571 760 2640 esquilinae
777 2571 810 2638 F,
838 2571 992 2639 exquilinae
1011 2569 1068 2624 elii.
1101 2578 1248 2640 praeterea
1273 2585 1326 2624 sec.
1350 2584 1408 2636 reg.

256 2652 416 2720 Esquilinae
429 2654 570 2723 Esquiliae
588 2655 661 2725 LSp.
672 2687 705 2694 —
724 2660 739 2709 3
757 2656 837 2724 regis]
855 2652 895 2708 ‘iel
905 2661 946 2710 est
962 2651 1055 2723 regiis'
1076 2655 1147 2723 LSp.
1159 2687 1193 2694 —
1210 2653 1328 2710 aesculis
1342 2668 1408 2708 con·

256 2737 334 2800 sitae]
361 2739 473 2811 sertpse',
500 2733 626 2795 excultae
652 2741 750 2808 libri,
778 2740 827 2795 alii
853 2740 887 2795 ab
914 2739 1061 2795 aesculetis
1088 2748 1154 2810 post
1180 2743 1272 2793 essent
1297 2737 1409 2810 supplet

256 2821 394 2891 Miller,
421 2825 494 2892 quod
520 2824 647 2879 esculetis
674 2826 799 2880 excultae
826 2825 943 2880 Brink.
982 2824 1058 2894 conf.
1083 2824 1220 2879 Becker
1244 2825 1278 2878 de
1303 2823 1408 2878 Romae

256 2907 340 2961 muris
358 2925 385 2977 p.
397 2914 454 2962 too.
473 2940 506 2947 -
526 2909 605 2964 Tulio
624 2910 667 2977 M,
695 2909 775 2964 Tullo
795 2909 833 2977 G,
860 2910 996 2964 Laetus.
1016 2939 1049 2948 -
1076 2908 1171 2972 lloci]
1189 2909 1302 2978 scripsi,
1329 2908 1407 2977 conf.

256 2991 641 3063 NeucFormcnl.I'²p.54tt,
659 2995 870 3062 lucILaetus‚
888 2996 950 3049 loca
966 2994 1059 3049 libri.
1079 3024 1112 3034 -
1131 2997 1145 3046 5
1163 2993 1251 3055 lucus]
1265 2991 1408 3060 Laetus,

256 3076 333 3131 lacus
342 3077 366 3130 F
376 3077 545 3147 Epitcme‚
557 3079 634 3133 locus
647 3079 764 3134 ceteri.
778 3109 812 3118 -
824 3079 933 3146 dicitur]
948 3097 1000 3135 oro.
1013 3079 1152 3134 Laetus.
1163 3107 1196 3116 -
1214 3077 1409 3145 querquetula-

255 3177 321 3216 num
338 3177 410 3217 corr.
423 3179 461 3216 ecc
472 3164 702 3232 querquetulanus
712 3164 745 3217 F.
757 3194 789 3203 -
803 3165 932 3219 sacellum
945 3181 1016 3218 corr.
1029 3181 1067 3219 ex
1079 3163 1103 3218 si
1115 3162 1277 3218 sacellumF
1288 3160 1407 3228 (Groth),

257 3250 299 3301 est
310 3247 441 3302 sacellum
453 3247 621 3316 Epitcme.
636 3280 668 3288 -
687 3255 701 3302 't
721 3254 780 3313 usa]
799 3250 843 3304 cel
858 3255 941 3304 aucta
958 3250 1071 3314 cortices,
1090 3262 1143 3318 unq
1156 3247 1227 3315 FH,
1246 3261 1299 3300 une
1313 3245 1407 3315 MVc,

256 3347 310 3386 uue
328 3349 356 3400 p,
373 3333 446 3387 unde
464 3348 489 3401 a,
508 3335 598 3388 undae
617 3334 650 3403 G,
676 3350 749 3388 nunc
766 3336 800 3403 B,
818 3335 963 3403 Laetus,
990 3351 1042 3388 om.
1062 3334 1222 3403 Epitome
1240 3330 1376 3397 auaritiea
1394 3339 1410 3385 θ

257 3416 398 3472 ceretheos.
424 3418 499 3472 latae
518 3459 544 3472 ..
564 3419 624 3474 viae
643 3419 839 3487 Turnebus,
863 3415 941 3491 ‘fort
960 3419 1017 3474 lata
1034 3419 1166 3474 avaritiae
1184 3416 1239 3473 via'
1262 3418 1338 3486 LSp,
1364 3416 1408 3470 in-

258 3501 329 3556 vasit
346 3504 413 3573 (pro
432 3519 503 3558 unae
521 3509 571 3570 est)
592 3504 699 3560 Groth
718 3505 853 3559 dubitans.
872 3535 906 3542 —
925 3509 939 3558 8
959 3503 1041 3573 quod]
1060 3501 1138 3575 ‘sort
1150 3499 1275 3574 quorum‘
1291 3503 1361 3571 usp.
1374 3532 1408 3541 -

257 3592 332 3656 pars]
350 3603 415 3656 pars
434 3587 539 3657 Oppius
557 3605 621 3659 pars
639 3589 777 3645 Mttller.
789 3621 822 3628 —
842 3595 872 3643 tt)
891 3591 930 3643 sic
939 3589 991 3658 est]
1011 3593 1053 3644 θεῖ
1062 3590 1102 3645 sic
1116 3590 1297 3645 Laetus-
1317 3593 1344 3641 ii
1365 3603 1409 3640 es·

259 3672 339 3739 quilis
350 3672 419 3738 culs]
439 3674 575 3742 Mulier,
594 3675 745 3743 quiliscuis
764 3674 862 3743 libri,
881 3675 990 3743 esquilis
1004 3675 1043 3730 cis
1062 3675 1233 3744 Hartung,
1253 3675 1408 3728 Oorssen.

258 3756 334 3824 conf.
352 3757 479 3812 Jordan
497 3758 615 3827 Topogr.
636 3760 671 3826 ΙΙ,
691 3765 790 3828 242sq.
808 3791 842 3798 —
860 3761 952 3814 lucum
970 3760 1127 3823 sacutalem]
1146 3760 1293 3827 Laetus,
1320 3757 1410 3811 lacum

259 3839 418 3897 facultatem
435 3844 531 3898 libri.
555 3875 588 3884 —
617 3849 648 3898 12
667 3850 746 3912 quae]
769 3844 814 3898 via
832 3844 1030 3914 Scioppius.
1056 3875 1090 3886 —
1118 3844 1277 3909 secundum]
1303 3843 1353 3898 sub
1371 3840 1410 3909 M,

260 3924 397 3982 Laetus.
418 3960 450 3967 -
477 3946 580 3984 merum
597 3929 688 3983 libri.
708 3960 742 3967 —
762 3933 812 3993 est]
828 3927 952 3983 ‘secundi
971 3931 1091 3984 sacrarii
1110 3930 1210 3982 metatio
1230 3927 1316 3999 Oppii
1336 3942 1410 3980 moa·

260 4010 295 4062 tts
312 4012 457 4078 intercidit,
475 4031 557 4084 quarn
574 4015 659 4083 vulg.
678 4030 716 4068 ece
732 4014 756 4067 B
773 4015 814 4067 stc
830 4014 954 4086 supplet:
983 4013 1088 4084 Oppius
1106 4028 1182 4066 mons
1200 4012 1327 4081 bicepsos
1347 4013 1410 4066 sim-

260 4092 334 4164 plex'
355 4097 426 4167 LSp.
445 4129 480 4138 -
508 4103 537 4154 13
556 4099 686 4166 tcrticeps
705 4098 753 4162 cis]
772 4098 911 4166 Miller,
939 4097 1111 4166 terticepsois
1128 4096 1223 4149 libri.
1248 4127 1282 4135 —
1308 4099 1409 4161 lucum]

260 4180 384 4249 Aldus,
401 4183 492 4239 lacum
509 4184 647 4238 libri.—
667 4188 697 4238 15
716 4184 872 4254 quarticcps
885 4183 934 4251 cis]
953 4183 1090 4247 Mttller,
1111 4182 1298 4249 quatricepsos
1316 4182 1409 4236 libri.

260 4296 294 4304 —
311 4264 410 4330 lucum]
429 4267 575 4336 Laetus,
594 4269 683 4324 lacum
700 4268 795 4323 libri
816 4300 849 4308 -
869 4274 900 4323 rs
918 4268 963 4322 via
980 4265 1118 4320 dexterior
1136 4264 1225 4334 vulg.
