3038 5048
265 277 326 339 218
617 277 731 334 LIBER
748 276 879 334 NONUS.
916 279 1061 346 §bb-ll.

266 449 343 516 bina
364 455 471 518 essent
493 449 661 519 coniuncta
682 448 831 517 aedificia
851 449 983 517 lavandi
1005 469 1118 534 cama,
1144 470 1249 518 unum
1275 450 1336 518 ubi
1359 449 1430 535 viri,

265 552 401 620 alterum
417 552 473 619 ubi
488 552 637 620 mulieres
655 553 855 636 lavarentur,
877 554 920 620 ab
942 553 1057 621 eadem
1078 551 1205 621 ratione
1228 549 1326 620 dorni
1349 571 1429 622 suae

112 653 404 739 conloquioque
425 652 481 721 ubi
503 654 645 740 lavatur,
679 653 828 722 balneum
852 652 1017 734 dixerunt,
1050 661 1083 721 et
1111 652 1199 737 quod
1232 674 1304 721 non
1335 661 1427 723 erant

266 755 346 841 dno,
384 756 502 824 balnea
531 756 636 824 dicere
666 776 729 823 non
760 763 965 841 consuerunt,
1004 776 1076 824 cum
1107 757 1171 823 hoc
1198 756 1334 839 antiqui
1364 777 1427 824 non

266 860 438 943 Balneum,
469 857 528 926 sed
549 858 755 926 Lavatrinam
777 859 943 944 appellare
966 865 1181 925 consuessent.
1226 855 1287 924 Sic
1309 857 1457 941 Aquaes

267 959 389 1029 Oaldae
411 961 453 1028 ab
475 960 547 1029 loco
571 967 603 1028 et
625 979 720 1044 aqna,
743 979 826 1043 qnae
848 959 894 1026 ibi
915 966 1060 1044 scateret,
1083 980 1155 1026 cunr
1177 965 1213 1028 ut
1235 960 1428 1028 colerentur

267 1063 430 1130 venissent
458 1062 492 1130 in
512 1082 605 1130 nsum
625 1063 758 1147 nostris,
791 1083 863 1130 curn
884 1061 970 1129 aliae
991 1061 1034 1129 ad
1056 1060 1155 1128 alium
1177 1062 1333 1128 morbum
1357 1061 1426 1131 ido

266 1184 347 1232 neae
370 1171 486 1251 essent,
509 1183 568 1232 eae
590 1185 663 1232 curn
685 1165 793 1249 plures
816 1168 932 1248 essent,
958 1170 992 1230 ut
1014 1162 1157 1231 Puteolis
1180 1162 1271 1230 etin
1294 1163 1428 1250 Tuscis,

268 1267 383 1349 quibus
405 1267 585 1350 utebantur,
608 1266 820 1334 multitudinis
841 1266 947 1351 potius
969 1285 1066 1348 qnam
1085 1263 1240 1348 singulari
1257 1266 1428 1334 vocabulo

267 1369 479 1455 appellarunt.
523 1369 578 1437 Sic
600 1368 722 1452 Scalas,
750 1367 836 1450 qnod
857 1368 900 1434 ab
922 1366 1106 1434 scandendo
1128 1365 1278 1434 dicuntur
1303 1373 1339 1433 et
1363 1368 1429 1435 sin·
1450 1379 1473 1431 to

266 1473 359 1556 gulos
381 1469 501 1556 gradus
522 1470 729 1554 scanderent,
763 1467 866 1553 magis
888 1475 958 1536 erat
980 1467 1214 1552 quaerendum,
1245 1467 1278 1533 si
1307 1471 1427 1554 appel·

266 1573 387 1640 lassent
401 1571 555 1654 singulari
568 1571 726 1639 vocabulo
743 1569 881 1655 Scalanr,
903 1591 975 1639 curn
995 1572 1084 1654 origo
1106 1568 1290 1637 nominatus
1314 1578 1428 1639 osten·

265 1674 356 1742 deret
378 1679 496 1740 contra.

157 1779 240 1858 §70
349 1778 399 1842 42.
436 1776 518 1843 Item
539 1774 778 1860 reprehendunt
800 1774 841 1842 de
863 1774 1009 1860 casibus,
1043 1773 1286 1858 quodquidam
1315 1776 1425 1845 nomi·

264 1882 357 1943 natus
379 1875 500 1943 habent
522 1882 641 1963 rectos,
675 1875 805 1961 quidam
828 1876 991 1963 obliquos,
1021 1876 1108 1962 quod
1129 1877 1239 1945 dicunt
1260 1882 1427 1964 utrosque
1448 1889 1474 1943 te

110 1978 299 2047 (1508811111
319 1978 453 2047 vocibus
475 1985 628 2065 oportere.
673 1980 796 2060 Quibus
818 1979 904 2047 idem
926 1978 1112 2066 responderi
1136 1984 1257 2066 potest,
1289 1978 1327 2047 in
1349 1983 1426 2066 qui·

158 2084 178 2163 §
201 2084 239 2145 71
266 2082 326 2149 bus
348 2100 425 2148 usus
446 2087 503 2149 aut
523 2088 639 2150 natura
659 2103 724 2151 non
745 2083 858 2168 subsit,
881 2082 928 2149 ibi
948 2103 1013 2150 non
1035 2102 1107 2150 esse
1130 2080 1334 2167 analogiam
1359 2084 1426 2153 sed

263 2203 305 2250 ne
332 2184 365 2251 in
392 2183 442 2251 his
472 2185 637 2252 vocabulis
667 2203 751 2268 quac
780 2183 996 2267 declinantur,
1030 2185 1058 2249 si
1086 2191 1250 2251 transeunt
1279 2192 1423 2255 erecto

264 2306 341 2354 casn
368 2285 402 2355 in
430 2293 551 2355 rectum
579 2307 704 2372 casum,
738 2305 821 2368 quae
849 2291 957 2354 tamen
986 2287 1054 2354 fere
1081 2307 1145 2354 non
1173 2285 1347 2354 discedunt
1374 2288 1422 2355 ab

265 2389 387 2457 ratione
417 2389 486 2454 sinc
513 2389 598 2456 insta
624 2407 738 2471 cansa,
776 2395 812 2454 ut
847 2387 880 2454 hi
914 2389 970 2472 qui
1001 2389 1198 2472 gladiatores
1226 2388 1407 2458 Faustinos
1414 2413 1423 2477 ;
1446 2403 1474 2456 to

263 2640 374 2694 grecum
382 2623 414 2679 F.
425 2623 508 2678 cerba
516 2638 614 2678 nornen
624 2628 652 2678 et
660 2639 786 2692 graecum
798 2623 905 2680 introiit
916 2625 946 2679 in
958 2624 1053 2681 urbem
1065 2623 1104 2679 ets
1116 2640 1188 2694 quae
1199 2622 1278 2692 infra
1289 2641 1318 2693 p.
1328 2627 1391 2692 218,
1402 2628 1421 2679 4

263 2714 415 2781 sequuntur
433 2724 495 2764 curn
512 2710 565 2763 hoc
583 2708 689 2778 antiqui
700 2710 855 2780 praeponit
872 2710 988 2766 Christ
1004 2709 1103 2765 Philol.
1121 2708 1195 2777 XVI,
1214 2711 1277 2776 4623
1291 2701 1330 2762 ‘n'
1348 2707 1421 2778 quid

263 2796 294 2849 in
311 2793 354 2850 bis
370 2793 544 2859 mutandum,
570 2793 708 2864 inferiora
727 2809 789 2848 cum
806 2796 859 2850 hoc
877 2800 1056 2851 consuessent
1076 2793 1187 2865 portin
1204 2793 1299 2848 urbem
1315 2793 1419 2862 posita

259 2876 435 2949 praefercm'
455 2878 528 2948 LSp.
546 2877 624 2948 conf.
641 2878 738 2934 Phllol.
757 2879 844 2948 XVII,
864 2884 921 2935 299.
939 2911 973 2921 -
991 2883 1006 2933 3
1024 2879 1142 2945 lavatur]
1156 2871 1236 2948 ‘fort
1253 2870 1415 2931 lavabatur’

264 2963 336 3030 usp.
356 2993 389 3001 -
407 2963 508 3017 dixent
518 2962 557 3031 M,
570 2963 708 3019 Laetus.
728 2995 760 3003 -
779 2968 1011 3020 lconsncuerunt
1023 2964 1089 3032 GH,
1106 2964 1242 3019 Laetus.
1262 2991 1295 3000 -
1314 2960 1417 3015 blani-

265 3046 385 3102 atrinam
401 3047 435 3114 F,
454 3063 526 3102 corr.
545 3048 630 3116 vulg.
649 3064 687 3102 ex
704 3049 736 3102 B.
755 3077 787 3088 -
807 3052 987 3105 consuescent
1003 3048 1036 3116 F,
1055 3045 1323 3115 consueuerunth,
1342 3060 1416 3100 corr.

264 3129 402 3186 Veneta
419 3145 480 3183 cum
498 3131 529 3184 B.
554 3161 586 3170 -
611 3135 626 3184 6
645 3135 764 3188 scateret
781 3148 852 3187 corr.
870 3149 908 3189 erc
926 3135 1064 3188 scaterent
1081 3132 1105 3186 F
1123 3132 1214 3201 (Keil),
1233 3133 1373 3186 scaterent
1389 3127 1416 3183 F

264 3218 382 3284 (Groth),
400 3215 569 3283 staretHM,
587 3216 729 3273 Laetus.
749 3218 851 3273 caleret
861 3218 895 3272 A.
908 3217 1115 3287 Linsnraycr.
1130 3212 1212 3287 ‘fort
1231 3232 1317 3289 supra
1335 3215 1415 3285 aquis

263 3298 351 3360 scrib?
369 3301 440 3372 LSp.
460 3329 492 3340 —
511 3305 525 3354 7
545 3300 665 3357 uenisset
688 3318 714 3357 a.
734 3333 766 3342 —
784 3317 847 3357 cum
866 3342 871 3354 .
891 3343 898 3358 .
916 3301 954 3356 id.
968 3308 1060 3360 essent
1083 3309 1148 3374 port
1165 3303 1314 3358 utebantur
1330 3301 1416 3372 ponit

265 3388 390 3444 Christ.
409 3417 442 3426 -
461 3379 570 3456 8‘fort.
588 3402 690 3455 eaeque
712 3379 877 3456 complures'
896 3387 968 3457 LSp.
986 3417 1020 3427 —
1039 3393 1070 3441 10
1089 3389 1171 3456 quod]
1186 3382 1266 3457 ‘fort
1285 3400 1415 3456 quom..

264 3466 403 3529 dicantur'
430 3471 501 3542 LSp.
527 3501 562 3512 -
587 3470 725 3541 dicuntur]
751 3472 789 3542 F,
816 3472 926 3529 dicatur
948 3473 993 3541 M,
1020 3474 1148 3529 dicantur
1165 3473 1297 3528 Laetus
1322 3469 1414 3540 (LSp).

264 3559 293 3611 irc
305 3557 447 3630 proximis
463 3556 552 3611 verbis
568 3557 752 3627 corruptelam
769 3558 864 3612 statuit
883 3559 1002 3614 (iroth.
1031 3589 1064 3597 —
1092 3563 1122 3613 11
1143 3561 1212 3622 erat]
1236 3559 1309 3611 esset
1326 3570 1351 3610 a.
1379 3583 1415 3594 -

264 3642 432 3710 querendum
448 3641 480 3695 F.
505 3671 539 3680 -
567 3645 598 3697 12
616 3642 718 3698 scalam
741 3658 812 3697 corr.
835 3659 873 3698 ex
897 3643 997 3699 scalem
1013 3643 1046 3697 F.
1074 3675 1107 3683 —
1135 3649 1166 3698 15
1184 3638 1263 3713 ‘fort
1280 3635 1411 3696 habeant’

263 3727 336 3796 LSp.
359 3757 393 3766 -
415 3723 491 3796 ‘fort
510 3742 578 3796 quos
595 3726 692 3783 dicunt
710 3768 717 3781 .
737 3767 744 3780 .
762 3729 864 3783 habere
882 3725 1019 3798 oportere‘
1039 3730 1110 3801 LSp.
1132 3759 1167 3770 —
1192 3731 1222 3784 16
1239 3721 1316 3797 ‘fort
1334 3717 1412 3781 item’

264 3811 334 3881 LSp.
361 3842 395 3850 —
424 3815 454 3864 11
473 3815 531 3876 aut]
553 3815 581 3868 et
604 3812 745 3869 Laetus.
772 3843 805 3852 —
832 3814 993 3884 analogiam]
1015 3819 1081 3885 post
1102 3813 1153 3870 boc
1176 3813 1268 3868 vocab.
1287 3811 1414 3868 lacormm

264 3896 395 3952 indicavit
421 3895 572 3952 Muller.
598 3890 730 3952 ‘coniaco
758 3899 913 3969 analogias,
943 3916 978 3954 ne
1006 3900 1037 3953 in
1064 3900 1107 3956 his
1137 3898 1245 3969 qudem
1273 3896 1413 3964 vocabulis

265 3996 335 4049 quac
361 3983 385 4037 sl
412 3981 585 4039 declinantur
610 3978 766 4039 transennt’
794 3984 866 4055 LSp.
894 3985 972 4055 conf.
999 3984 1137 4054 Madvig
1162 3984 1199 4039 ad
1224 3982 1280 4038 (lic.
1306 3984 1341 4038 de
1364 3981 1412 4037 fin.

264 4080 291 4134 p.
311 4069 360 4119 808
379 4067 421 4122 ed.
441 4070 465 4136 2,
487 4067 661 4137 quiquidem
679 4075 742 4122 onte
759 4084 829 4137 quae
846 4069 955 4136 inserit,
977 4069 1098 4126 Reiter
1113 4086 1141 4139 p.
1162 4073 1193 4123 19
1211 4069 1274 4122 adn.
1296 4071 1325 4136 13
1352 4065 1414 4121 cide

261 4149 384 4219 praefat.
412 4181 445 4190 -
474 4156 504 4207 18
522 4154 603 4207 nain
621 4152 674 4217 his]
697 4153 795 4208 necin
812 4152 948 4210 Mulier.
976 4183 1011 4194 -
1035 4155 1196 4209 transeunte
1218 4156 1294 4207 recto
1318 4151 1350 4207 F.
1378 4182 1414 4192 -

266 4237 299 4289 20
316 4231 474 4302 Faustinos]
499 4237 595 4294 dicunt
616 4237 774 4294 Faustinios
796 4239 881 4308 vulg.
904 4256 942 4295 cx
965 4239 988 4293 B
1011 4242 1039 4292 ct
1059 4239 1110 4308 qai
1128 4236 1276 4293 Faustinos
1298 4239 1414 4311 sorpsit
