3038 5048
442 321 556 378 mana
574 321 741 391 omarus.
776 325 852 390 arr.
872 328 913 380 rs.
1109 402 1113 411 Ι
1204 324 1243 383 31

98 515 163 563 non
185 501 220 562 ut
240 513 324 562 nunc
337 495 463 561 Pollux.
493 492 671 562 Concordia
684 515 706 561 a
720 495 815 562 corde
830 501 1033 580 congruente.
1097 495 1245 580 Feronia,
1267 499 1287 576 ἐ
1311 500 1351 560 74

98 597 246 664 Minerva
258 594 450 666 rovensides
470 596 643 663 aSarinis.
673 598 770 682 paulo
785 597 879 665 aliter
899 598 941 664 ab
965 595 1088 664 eisdem
1110 593 1318 666 dictamno
1328 612 1386 667 ero

98 697 194 768 baec:
215 699 337 783 Palem,
351 697 492 783 Vestam,
515 696 667 781 Salutem,
689 700 874 783 Fortunam,
895 700 1034 780 Fortem,
1053 696 1176 763 Fidem.
1213 701 1245 763 et

99 819 176 868 arae
190 799 346 867 Sabinum
366 800 508 884 linguam
530 801 619 869 olent
640 821 723 884 quae
739 802 814 869 'Fati
834 801 920 887 regis
937 806 1013 869 voto
1037 805 1110 866 sunt
1123 798 1246 866 Romae

62 901 284 987 udedicatae3
308 923 392 986 nam,
413 907 449 969 ut
462 903 596 970 annales
618 903 736 987 dicunt,
759 903 849 971 vovit
865 902 938 988 Opi,
960 902 1086 983 Florae,
1108 899 1245 967 Vediori

100 1003 309 1088 Saturnoque,
332 1004 416 1088 Soli,
446 1005 567 1088 Lunae,
594 1003 736 1072 Volcano
759 1010 792 1071 et
813 1005 995 1088 Summano,
1022 1003 1162 1084 itemque
1184 1002 1244 1068 La·

98 1106 229 1190 rundae,
253 1106 413 1191 Termino,
433 1105 575 1190 Quirino,
591 1106 776 1190 Vortumno,
791 1107 937 1191 Laribus,
952 1105 1077 1172 Dianae
1091 1104 1243 1171 Lucinae·

99 1227 176 1292 que3
200 1206 306 1288 equis
320 1209 473 1275 nonnulla
494 1209 623 1275 nomina
644 1209 826 1292 inutraque
848 1208 958 1294 lingua
976 1206 1096 1273 babent
1110 1203 1244 1288 radices,

98 1315 135 1377 ut
157 1310 288 1378 arbores
317 1328 399 1392 quae
427 1309 460 1375 in
489 1309 623 1377 confinio
651 1316 747 1377 natae
775 1310 809 1375 in
831 1315 963 1391 utroque
991 1328 1069 1392 agro
1097 1310 1384 1391 serpunt;(p.sos1›.¹›

47 1421 78 1475 lo
98 1418 205 1498 potest
227 1412 311 1479 enim
333 1411 488 1479 Satumue
516 1412 569 1478 bic
596 1412 637 1479 de
664 1413 728 1478 alia
750 1430 848 1478 causa
875 1429 946 1478 esse
967 1408 1071 1477 dictus
1093 1416 1189 1492 atque
1210 1408 1244 1473 in

100 1511 239 1597 Sabinis,
262 1520 294 1580 et
315 1514 362 1581 sic
383 1514 498 1596 Diana,
522 1514 563 1582 de
585 1514 699 1597 quibus
720 1532 817 1599 supra
838 1511 1037 1580 dictumest

187 1621 236 1681 ll.
266 1614 357 1696 Quod
378 1614 421 1682 ad
442 1615 630 1684 immortalis
651 1616 774 1700 attinet,
796 1615 886 1682 baec.
930 1614 1082 1698 deinceps
1100 1611 1186 1694 quod
1200 1609 1244 1678 ad
1265 1619 1284 1702 9
1306 1623 1347 1685 75

99 1717 245 1785 mortalis
277 1718 392 1785 attinet
423 1716 600 1785 videamus.
643 1717 685 1785 de
713 1718 764 1784 his
792 1717 944 1784 animalia
974 1717 1008 1783 in
1036 1714 1138 1781 tribus
1165 1714 1245 1780 locis

99 1818 187 1903 quod
207 1826 290 1904 sunt,
312 1819 346 1886 in
368 1841 453 1905 aere,
479 1820 513 1887 in
535 1841 629 1905 aqua,
656 1820 691 1886 iu
714 1826 806 1904 terra,
835 1838 1002 1886 asumma
1021 1823 1113 1903 parte
1134 1815 1178 1883 ad
1198 1814 1244 1883 in·

46 1930 78 1984 tt
99 1919 207 1988 limam
230 1921 432 1989 descendam.
475 1923 617 1988 Primum
638 1941 752 1989 nomen
773 1921 934 1988 nominem
956 1920 1074 2005 Alites,
1103 1917 1160 1986 alii
1180 1917 1244 1986 Vo-

99 2086 165 2140 ceps
180 2070 303 2139 FlKeil),
329 2071 500 2127 Pollideuces
518 2071 655 2126 Laetus.
673 2102 710 2132 -,
727 2076 739 2125 1
759 2075 842 2135 nune]
860 2085 931 2124 nuns
948 2070 981 2138 F,
1000 2085 1071 2124 uuus
1088 2087 1121 2138 p,
1139 2084 1191 2122 om.
1209 2068 1242 2122 V.

14 2217 18 2224 ¹
96 2184 133 2195 —
151 2157 167 2209 2
185 2155 390 2226 sauinisFVp,
409 2156 511 2212 sabinis
529 2155 645 2210 ceteri.
664 2186 698 2195 -
716 2160 731 2209 3
748 2156 818 2211 haec
835 2156 937 2219 Palem]
957 2154 1129 2223 Scaliger,
1146 2155 1244 2207 hecra·

96 2239 153 2295 lem
168 2238 264 2310 FVb,
289 2241 428 2297 heccalem
445 2260 473 2310 p,
499 2243 551 2295 hec
567 2240 653 2295 laram
669 2240 708 2306 M,
726 2239 813 2294 laram
829 2240 918 2308 vulg.
937 2255 975 2294 ex
991 2240 1028 2307 B,
1054 2237 1192 2293 herculem
1208 2240 1245 2304 (et

98 2323 129 2378 ia
150 2340 238 2396 marp.
259 2327 383 2391 heccate)
407 2342 430 2381 c.
453 2327 578 2381 hecatem
600 2324 799 2395 Scioppius,
826 2325 965 2379 herculem
987 2323 1087 2391 GHa,
1105 2321 1242 2376 Laetus.

98 2438 134 2448 -
151 2407 258 2472 fortem]
277 2409 402 2479 Aldus,
424 2410 528 2466 fontem
544 2409 677 2480 FMVp,
696 2409 811 2464 frontem
830 2408 864 2463 Η.
883 2407 981 2464 fortem
998 2407 1135 2463 fortunam
1152 2405 1242 2473 vulg.

98 2508 137 2548 ecc
154 2494 186 2548 B.
214 2523 247 2532 -
274 2496 302 2548 et
318 2499 394 2560 arae]
412 2494 555 2562 Mulier,
573 2511 608 2549 ca
624 2511 655 2549 re
671 2493 759 2548 libri.
778 2525 811 2533 —
839 2499 856 2548 4
873 2494 1034 2550 Sabinorum
1054 2492 1190 2547 Laetus.
1210 2519 1241 2528 -

97 2577 192 2646 lingna
209 2577 309 2634 molent
325 2577 475 2645 Fltiroth).
494 2610 526 2618 —
555 2584 569 2633 5
588 2579 715 2635 dedicata
733 2578 932 2648 Scioppius.
951 2607 984 2616 -
1001 2577 1102 2631 Florae
1119 2574 1243 2639 Vediori]

97 2661 225 2717 Muller
242 2661 356 2717 Emeud
375 2663 454 2718 Varr.
479 2663 508 2717 in
533 2663 606 2719 Fest.
632 2665 674 2718 ed.
692 2681 719 2733 p.
737 2662 836 2731 XLIV,
862 2661 1093 2718 floreno.dioiori
1109 2660 1241 2730 FMVp,

97 2745 184 2803 florae
201 2745 288 2803 Vedio
305 2747 364 2802 lori
382 2747 456 2816 GH,
481 2745 599 2804 floruere
620 2748 693 2803 diori
710 2748 982 2815 Rholaudellua,
1011 2746 1148 2816 floraeque
1171 2745 1244 2802 diori

98 2831 186 2900 vulg.
204 2847 242 2886 ecc
258 2832 282 2886 B
300 2832 412 2902 ldijovr).
430 2863 464 2873 -
482 2839 496 2888 l
515 2833 662 2892 Voltumno
681 2833 798 2889 Christ
815 2833 876 2888 coll.
889 2833 942 2887 Vll
960 2836 1029 2900 §aba
1047 2862 1081 2872 —
1107 2830 1243 2887 Lucinae·

100 2918 163 2985 que]
187 2915 385 2986 Cloacinaeque
406 2918 494 2987 vulg.
512 2935 551 2973 ex
564 2920 597 2973 B.
629 2918 829 2988 Cluacinaequc
851 2918 943 2975 Fulv.
961 2917 1119 2973 Ursinus.
1149 2919 1244 2985 Augu-

100 3000 188 3056 stinus
211 3001 246 3055 de
270 3001 321 3058 cir.
344 3003 390 3057 dei
407 3007 436 3071 4,
455 3007 502 3057 23:
529 2998 582 3059 ‘Ut
603 3003 668 3073 quid
692 3019 755 3071 ergo
777 3003 920 3058 constituit
937 3002 1089 3070 (Romulus)
1113 3001 1245 3057 Romanis

100 3085 166 3141 deos
191 3085 288 3141 Ianum
309 3087 400 3145 Iouem
416 3088 534 3143 Martem
554 3088 650 3142 Picum
671 3087 796 3143 Faunum
819 3087 977 3144 Tiberinum
998 3086 1145 3142 Herculem
1171 3092 1199 3142 et
1220 3086 1245 3141 si

100 3184 168 3240 quos
186 3171 274 3226 alios?
300 3173 412 3241 utquid
430 3172 509 3227 Titus
522 3173 620 3228 Tatius
637 3173 744 3228 addidit
762 3173 909 3228 Saturnum
926 3172 1012 3240 Opem
1030 3173 1120 3228 Solem
1137 3173 1243 3227 Lunam

97 3253 251 3311 Volcanum
268 3256 371 3311 Lucem
392 3260 421 3311 et
443 3273 619 3327 quoscunque
640 3257 709 3312 alios
732 3257 851 3324 addidit,
879 3258 952 3312 inter
974 3274 1041 3327 quos
1065 3260 1147 3312 etiam
1164 3258 1243 3312 deam

99 3340 256 3397 Cloacinam
273 3340 418 3396 Felicitate
435 3343 579 3410 neglecta?
604 3344 689 3397 idem
708 3345 732 3410 6,
753 3347 799 3397 10:
819 3342 974 3397 Cloacinam
993 3343 1089 3398 Tatius
1107 3340 1243 3397 dedicavit

98 3424 177 3481 deam
194 3442 233 3481 ecc
250 3424 370 3481 Senecae
388 3424 458 3480 libro
477 3433 576 3481 contm
592 3427 808 3497 superstitiones,
843 3429 919 3498 coos.
937 3428 1049 3498 Dionys.
1070 3433 1094 3496 2,
1114 3432 1154 3482 50.
1187 3424 1241 3481 oid.

97 3510 181 3565 ctiam
192 3509 254 3581 LSp
266 3510 442 3565 Gommentat.
453 3530 480 3581 p.
492 3515 515 3566 6.
535 3509 621 3566 Ennii
632 3528 728 3566 versus
739 3512 790 3566 lros
798 3513 882 3583 fiaqit
898 3512 1012 3582 Haupt
1024 3513 1136 3567 Hermas
1146 3509 1241 3578 1,401:

302 3596 376 3650 uouit
393 3594 446 3665 Opi
463 3597 563 3652 Florae
581 3597 667 3654 Vedio
685 3597 744 3651 Iovi
760 3597 932 3665 Saturnoque

302 3679 359 3734 Soli
375 3680 471 3735 Lunae
489 3681 611 3737 Volcano
630 3686 658 3737 et
674 3682 828 3749 Summano,
844 3683 962 3750 itemque

302 3764 447 3820 Larundae
483 3806 750 3820 .......
787 3766 901 3835 Quirino

301 3849 450 3906 Vortumno
468 3850 586 3906 Laribus
604 3852 711 3907 Dianae
723 3851 911 3921 Lucinaeque.
937 3882 970 3892 -

97 3932 541 4006 tlserpeuthamplcrisque.—
561 3941 592 3990 10
611 3941 680 4002 esse]
699 3937 901 3992 om.Laetus.
920 3967 954 3976 -
972 3941 1001 3991 11
1016 3936 1106 4001 diana]
1120 3935 1241 4002 Aldus,

98 4015 182 4073 diana
199 4020 227 4073 et
244 4017 381 4088 Miller,
399 4019 498 4075 manae
514 4020 607 4076 libri.
628 4053 658 4062 -
680 4025 710 4076 13
729 4022 851 4079 mortalis
868 4037 938 4076 corr.
957 4037 995 4075 eu·
1011 4020 1139 4075 mortales
1156 4021 1189 4075 F.
1210 4050 1242 4059 —

99 4103 187 4166 lead]
197 4119 248 4158 om.
258 4103 466 4174 FMVabcp,
484 4111 596 4161 estvem
608 4108 637 4160 to
649 4105 717 4163 GH.
735 4107 765 4161 in
783 4106 901 4162 christ
917 4113 943 4160 et
955 4106 1017 4161 olim
1030 4106 1091 4175 LSp
1104 4104 1240 4160 dubitans.

96 4215 132 4227 -
150 4191 182 4242 ts
193 4188 337 4254 nominem]
351 4191 468 4245 omnium
478 4190 613 4258 Miller,
631 4191 889 4262 onaSeioppius.
911 4191 1028 4261 primum
1039 4190 1198 4246 nominatim
1210 4194 1242 4245 nt

97 4269 385 4342 metaplasmorum
401 4291 500 4331 nomen
518 4291 659 4332 commune
676 4277 755 4332 alites
774 4276 893 4332 (iroth.
907 4306 937 4314 —
956 4275 1013 4340 alii]
1030 4276 1065 4330 ab
1083 4275 1135 4331 alis
1153 4275 1239 4344 vulg.
