3038 5048
660 282 698 336 De
715 283 804 336 codice
821 282 849 338 F.
1305 304 1338 342 m

184 459 228 516 usi
249 474 356 523 sumum
386 457 409 512 is
431 456 565 530 integrum
587 456 707 513 codicem
728 458 879 523 invenerat;
914 472 987 513 nunc
1009 460 1080 515 enim
1102 459 1205 516 excisus
1227 471 1269 518 est
1290 480 1337 521 se-

185 543 290 601 cundus
318 540 460 615 quaternio
484 551 546 598 octo
569 541 797 615 comprehendens
819 540 883 597 lolia
911 543 939 614 (i.
962 558 986 598 e.
1009 541 1030 596 V
1052 543 1070 614 ᾗ
1095 543 1230 603 tto-vt
1253 547 1270 618 ξ
1295 550 1332 606 dl

185 636 253 684 truc
281 627 355 698 quod
383 626 538 682 travolat.
562 668 568 682 .
593 668 601 682 .
624 627 739 683 dicendo
768 627 855 700 peith
894 626 1010 683 contulit
1037 627 1133 685 deinde
1158 644 1181 684 a.
1204 629 1336 688 lleCXL

186 713 326 768 llieron.
358 710 621 783 hagomarsini,
661 711 737 768 cuius
772 710 921 784 exemplum
954 709 1089 767 Niebuhrii
1120 710 1276 772 liberalitate
1309 717 1336 772 in

183 794 346 854 Lachmanni
368 811 446 851 usum
475 797 568 862 cessit;
602 805 660 852 tum
688 804 781 853 nostra
810 803 896 853 aetate
924 811 1027 853 summa
1055 813 1117 853 cum
1150 814 1213 853 cura
1241 798 1337 856 llen-

185 883 289 937 ricus
322 878 397 936 Keil
431 879 530 938 evolvit
562 880 695 955 nobisque
728 880 880 938 varietatem
914 881 1113 954 diligentissime
1146 890 1279 939 enotatam
1312 902 1337 942 a.

184 963 326 1021 lleCGLl
356 963 468 1030 obtuht,
502 973 533 1022 ut
560 966 583 1022 si
611 982 683 1023 nunc
711 965 812 1023 rectius
840 975 867 1021 et
895 966 992 1022 certius
1021 982 1101 1039 quam
1131 974 1208 1024 antea
1232 968 1337 1026 dehac

185 1065 215 1106 re
237 1049 352 1106 indicare
372 1048 443 1113 licet,
466 1049 493 1106 id
516 1051 609 1124 optimi
629 1051 678 1106 viri
698 1050 845 1107 industriae
868 1058 895 1107 et
916 1051 1073 1108 humanitati
1095 1051 1249 1109 debeamus.
1287 1053 1336 1110 Ubi

185 1142 320 1190 vetustum
347 1134 481 1207 exemplar
510 1135 613 1200 deficit,
648 1134 832 1210 apographum
860 1136 987 1193 laurent.
1009 1136 1051 1197 Ll.
1075 1139 1092 1195 5
1120 1136 1194 1210 quod
1215 1138 1337 1211 proxime

185 1218 287 1275 iontem
314 1218 441 1275 accedere
468 1219 574 1277 videtur
599 1212 648 1299 (i.)
676 1220 812 1285 adhibuit,
851 1221 927 1277 cuius
960 1221 987 1276 in
1020 1220 1092 1277 calce
1123 1230 1247 1278 notatum
1279 1233 1337 1281 est:

184 1302 320 1360 Antonius
341 1302 432 1361 Metic'
451 1305 527 1378 {ilius
553 1305 731 1362 Florentium
754 1306 823 1361 civis
846 1307 967 1362 obsolvit
988 1305 1152 1363 Florentiae
1173 1305 1251 1362 1111
1260 1307 1336 1373 Kal.

181 1381 296 1446 Octobr.
318 1386 602 1462 Mcccfflvrrv)

268 1473 298 1529 lii
320 1473 407 1530 codici
428 1475 562 1532 rhetorica
583 1475 617 1531 ad
632 1474 794 1532 llerennium
816 1483 843 1531 et
865 1475 949 1531 oratio
971 1492 1022 1548 pro
1038 1474 1160 1532 Cluentio
1183 1476 1335 1543 adhaerent,

184 1575 300 1633 quorum
328 1557 371 1614 illa
400 1560 506 1632 optimis
534 1558 609 1615 libris
638 1561 684 1633 qui
711 1557 789 1616 nobis
817 1569 964 1634 supersunt
993 1576 1081 1633 neque
1109 1568 1227 1634 praestat
1248 1579 1337 1637 nequo

182 1654 322 1718 aequatur,
347 1644 432 1700 oratio
449 1661 512 1700 vero
528 1661 578 1719 pro
594 1643 717 1701 Cluentio
740 1644 898 1701 deteriorem
921 1646 1043 1718 sequitur
1064 1644 1196 1710 familiam,
1221 1656 1252 1702 ut
1266 1646 1336 1703 Var-

182 1730 256 1785 ronis
278 1726 363 1785 libros
386 1729 419 1784 de
439 1727 531 1802 lingua
552 1729 632 1786 latina
653 1729 682 1785 in
708 1730 761 1786 hoc
782 1746 838 1786 uno
868 1729 946 1785 nobis
975 1737 1095 1786 servatos
1123 1747 1184 1788 cum
1212 1731 1335 1788 omnibns

182 1813 285 1870 mendis
307 1820 334 1869 et
356 1813 494 1870 erroribus
517 1814 648 1871 immunes
670 1824 854 1872 correctorum
876 1812 999 1871 manibus
1021 1815 1169 1890 descriptos
1192 1833 1251 1872 esse
1277 1816 1336 1873 iure

182 1900 219 1955 sit
240 1897 456 1973 praedicandum.
503 1897 604 1967 Quodsi
630 1900 682 1955 iarn
703 1898 875 1956 Florentinus
902 1916 958 1955 eam
987 1917 1068 1973 quarn
1096 1901 1124 1956 in
1145 1901 1165 1956 B
1187 1901 1336 1974 reperimus

183 2000 322 2041 censuram
355 2000 500 2056 perpessus
534 1992 619 2047 esset,
655 2000 733 2039 nemo
768 2001 859 2040 verum
893 1985 1078 2058 investigando
1107 1993 1135 2041 et
1160 1986 1335 2042 coniectando

183 2085 278 2125 eruere
306 2077 415 2141 posset;
449 2083 523 2123 nunc
550 2084 614 2124 vero
644 2084 705 2124 cum
734 2067 815 2125 verba
839 2068 936 2125 misere
957 2079 1085 2143 corrupta
1107 2086 1123 2125 a
1142 2068 1251 2126 librario
1275 2087 1336 2127 curn

182 2152 236 2210 lide
259 2154 313 2209 sint
334 2151 452 2226 depicta,
487 2153 514 2206 in
545 2153 709 2208 emendando
737 2153 779 2209 via
806 2161 833 2209 et
861 2153 964 2209 ratione
992 2155 1119 2227 progredi
1146 2164 1174 2210 et
1199 2172 1253 2228 quo
1276 2155 1336 2228 quis

183 2238 283 2294 maiore
305 2236 414 2309 ingenio
437 2244 463 2292 et
485 2236 616 2293 industria
636 2235 730 2310 pollet,
753 2253 784 2293 eo
807 2235 910 2293 lelicius
931 2237 1069 2311 pristinam
1091 2239 1207 2294 auctoris
1227 2255 1337 2296 manum

103 2318 110 2326 ’
181 2322 325 2380 restituere
346 2321 423 2387 licet;
454 2338 523 2395 quae
545 2322 616 2379 enim
637 2322 730 2378 insunt
750 2320 982 2396 interpolationes,
1006 2338 1067 2378 cum
1090 2321 1237 2397 explicandi
1258 2338 1337 2379 causa

182 2407 287 2483 saepius
309 2407 438 2480 quaedam
459 2406 540 2463 invita
559 2406 677 2463 blinerva
698 2406 785 2464 addita
807 2414 906 2470 essent,
929 2423 992 2463 casu
1014 2407 1099 2480 magis
1120 2423 1201 2481 quarn
1223 2407 1334 2464 consilio

183 2509 215 2549 er
237 2491 355 2566 margine
376 2491 461 2547 illatas
483 2491 673 2555 essedireris.

269 2576 364 2634 Ultimo
391 2574 457 2632 lolio
487 2577 610 2633 editionis
638 2575 766 2651 principis
792 2575 820 2631 in
848 2573 1009 2633 bibliotheca
1036 2576 1190 2634 Monacensi
1217 2587 1335 2634 servatae

182 2661 248 2719 haec
269 2660 400 2734 adscripta
422 2661 569 2734 leguntur:
1039 2730 1044 2740 .

269 2746 394 2803 Petrus
410 2745 590 2802 Victorius
613 2762 651 2802 ac
673 2744 821 2802 lacobus
844 2745 1014 2803 biacetius
1037 2746 1240 2805 contulimus
1263 2764 1335 2804 cum

184 2839 327 2888 vetusto
358 2830 483 2887 codice
506 2847 543 2887 ex
564 2831 638 2887 hivi
659 2828 764 2886 llarci
786 2828 1010 2888 bibliotheca
1034 2831 1172 2890 litteris
1201 2830 1334 2906 longo-

183 2915 305 2973 bardis
328 2924 471 2972 exarato
494 2923 591 2972 tanta
614 2914 803 2988 diligentia
826 2932 887 2971 seu
909 2916 1030 2990 potius
1051 2932 1188 2974 morosa
1210 2916 1334 2973 obser-

184 3001 327 3058 vatione
357 3008 394 3056 ut
416 3000 470 3057 vel
499 3017 587 3074 qnae
615 3001 649 3055 in
679 3016 719 3056 eo
750 3009 923 3074 corrupte
951 2999 1166 3075 legebantur
1187 3002 1221 3057 in
1242 3002 1334 3059 hunc

184 3084 487 3142 transtulerimus.
530 3086 587 3142 bie
610 3085 700 3141 llllll
722 3084 857 3159 Aprilis
878 3085 1013 3142 blblle.

267 3170 326 3227 Hoc
347 3169 529 3227 testimonium
550 3187 601 3226 nos
623 3169 686 3226 olim
708 3170 742 3226 ad
762 3186 859 3226 novam
879 3169 977 3226 borum
996 3170 1127 3227 librorum
1151 3171 1334 3227 recensionem

184 3254 371 3330 publicandam
398 3255 518 3311 incitavit
544 3256 621 3328 eique
649 3254 742 3311 conlisi
764 3264 792 3312 et
813 3271 843 3310 ea
865 3271 934 3328 quae
958 3271 974 3310 a
996 3255 1112 3312 Victorio
1134 3264 1236 3313 mutata
1257 3263 1335 3312 erant

184 3348 211 3397 et
225 3357 293 3413 quae
314 3356 369 3396 non
393 3348 495 3396 mutata
516 3337 744 3415 relinquebantur,
768 3340 801 3396 ad
822 3340 920 3396 codicis
941 3339 1020 3397 iidem
1040 3341 1127 3415 probe
1148 3356 1207 3397 esse
1227 3339 1334 3396 redacta

184 3424 367 3481 censebamus.
412 3427 528 3498 Accepta
549 3426 675 3481 varietate
704 3441 783 3497 quam
805 3424 978 3481 llenricus
1007 3425 1080 3481 Keil
1109 3440 1213 3481 summo
1243 3424 1331 3480 studio

183 3510 217 3566 ad
238 3508 342 3565 lliilleri
363 3508 505 3566 ediu'onem
527 3517 673 3573 curaverat,
695 3509 829 3583 permulta
850 3508 882 3564 ah
903 3508 947 3565 illa
968 3509 1040 3568 Petri
1055 3509 1161 3566 Victorii
1182 3508 1333 3581 discrepare

183 3593 424 3658 animadvertimus,
448 3593 546 3667 quibus
568 3593 692 3650 omnihus
714 3594 812 3650 notatis
832 3594 964 3667 integram
982 3595 1152 3652 collationem
1167 3592 1220 3649 lilio
1236 3601 1331 3649 nostro

184 3680 314 3742 Andreae,
339 3679 384 3752 qui
399 3677 548 3735 Florentiae
563 3679 654 3736 codice
668 3695 779 3736 excusso
795 3679 945 3753 htterisque
959 3681 1071 3755 appictis
1086 3695 1143 3735 rem
1162 3677 1332 3750 disceptaret,

183 3764 351 3830 tradidimus;
386 3763 425 3819 sio
445 3763 507 3837 plus
529 3773 637 3820 centum
657 3763 724 3820 locis
746 3763 840 3820 ltalum
863 3764 1008 3822 Victorium
1029 3765 1146 3838 lapsum.
1171 3761 1332 3819 Germanum

82 3856 92 3932 J
183 3858 307 3906 nostrum
335 3847 418 3904 llenr.
446 3846 503 3904 lleil
532 3866 625 3904 verum
656 3849 753 3905 vidisse
781 3849 854 3905 docti
881 3866 988 3915 snmus,
1026 3848 1100 3922 quod
1129 3848 1265 3921 quomodo
1298 3848 1332 3905 sit

182 3933 292 3998 lactum,
316 3932 408 4007 paucis
430 3932 469 3988 his
491 3949 665 4005 exponemus.

226 4232 232 4245 ι
269 4165 295 4231 *)
312 4163 349 4218 Εο
367 4164 425 4233 ipso
443 4179 510 4217 enno
530 4179 581 4245 qno
598 4164 652 4216 vita
670 4164 781 4217 excessit
799 4170 872 4232 pater
888 4179 961 4217 meus
983 4177 1076 4216 novam
1099 4163 1262 4219 collationem
1286 4179 1329 4216 co·

184 4230 248 4286 dicas
265 4231 285 4284 l'
302 4233 399 4299 publici
417 4233 480 4286 iuris
498 4232 560 4285 lectt
576 4231 720 4285 udolfus
738 4231 855 4298 (iroth,
873 4232 905 4285 de
922 4247 973 4300 quo
992 4245 1068 4300 supra
1086 4232 1147 4287 dixi.
1225 4231 1294 4298 ASp.

1083 4319 1126 4372 a*
