3060 5048
447 288 562 345 LIBER
578 287 751 346 DECIMUS.
787 291 931 358 §tt-28.
1197 288 1260 348 245

114 463 214 531 verbo
239 461 329 528 *suit
350 459 445 528 modo
468 461 541 544 suit,
563 459 645 527 alias
667 460 701 526 in
722 458 827 527 medio
849 466 885 526 ut
907 459 1005 527 Curso
1022 458 1157 543 Oursito,
1179 460 1261 527 alias

114 566 148 631 in
177 570 319 632 extremo
342 570 377 630 ut
398 562 508 630 Docco
531 561 652 646 Docui,
683 561 765 628 alias
788 562 963 628 communis
984 564 1020 626 ut
1041 562 1129 644 Lego
1151 562 1261 645 Legei.

115 667 227 733 Refert
262 665 359 748 igitur
396 686 436 732 ex
477 664 592 747 quibus
633 663 748 730 litteris
783 662 932 746 quodque
968 662 1102 729 verbum
1137 670 1262 731 constet

115 770 257 836 maxime
279 773 437 851 extrema,
468 765 555 850 quod
577 787 617 832 ea
637 765 670 830 in
692 764 854 850 plerisque
877 762 1096 832 commutatur.
1155 765 1262 844 Quare
1283 767 1303 847 ξ
1325 769 1367 832 26

77 884 92 934 s
114 871 147 937 in
170 870 219 938 his
242 887 369 953 quoque
390 868 536 952 partibus
565 864 791 934 similitudines
819 867 862 933 ab
888 867 962 933 aliis
990 867 1090 951 male,
1124 868 1166 932 ab
1189 867 1261 934 aliis

115 972 197 1039 bene
233 971 319 1055 quod
360 971 464 1038 solent
501 970 583 1037 sumi
621 970 655 1036 in
687 970 814 1037 casibus
848 968 1063 1051 conferendis,
1102 975 1187 1036 reete
1220 989 1262 1035 an

114 1095 283 1160 perperam
317 1073 506 1158 videndum;
543 1071 601 1138 sed
635 1071 825 1154 ubicumque
858 1076 1097 1139 commoventur
1124 1071 1260 1156 litterae,

114 1198 178 1244 non
201 1176 306 1243 solum
328 1195 386 1242 eae
408 1179 480 1242 sunt
502 1171 822 1257 animadvertendae,
856 1173 915 1241 sed
940 1174 1038 1241 etiam
1061 1192 1143 1257 quae
1165 1193 1259 1258 prox·
1270 1187 1347 1240 11511
1356 1183 1417 1239 snb

115 1299 210 1345 urnae
230 1284 304 1346 sunt
325 1295 429 1360 neque
451 1281 633 1361 moventur;
666 1275 748 1342 haee
777 1275 862 1342 enim
886 1275 1035 1342 vicinitas
1063 1275 1260 1357 aliquantum

65 1391 93 1442 11
115 1385 222 1464 potest
249 1379 283 1446 in
310 1378 481 1447 verborum
507 1378 784 1445 declinationibus.
841 1378 877 1443 ln
900 1378 970 1461 quis
992 1375 1101 1459 figuris
1129 1397 1193 1444 non
1222 1397 1262 1444 ea
1284 1379 1304 1459 ξ
1326 1379 1365 1440 21

116 1482 235 1549 similia
267 1482 409 1549 dicemus
443 1499 525 1563 quae
558 1480 672 1547 similis
705 1499 756 1546 res
789 1478 983 1562 significant,
1016 1478 1075 1546 aed
1106 1497 1189 1561 quae
1222 1498 1262 1545 ea

116 1583 218 1650 forma
244 1584 322 1667 sint,
356 1589 390 1648 ut
418 1581 575 1649 eiusmodi
602 1602 653 1649 res
675 1577 814 1667 [similia]
841 1601 882 1648 ex
909 1581 1053 1647 instituto
1080 1579 1261 1665 significare

114 1685 302 1770 plerumque
324 1684 465 1767 soleant,
498 1690 533 1749 ut
553 1683 694 1750 tunicam
714 1681 841 1749 virilem
863 1686 895 1750 et
917 1682 1105 1750 muliebrem
1127 1681 1261 1748 dicimus

114 1807 178 1854 non
206 1806 279 1852 earn
312 1805 407 1868 quam
435 1784 534 1850 habet
561 1784 611 1849 vir
636 1791 692 1851 aut
713 1785 842 1868 mulier,
876 1784 934 1852 sed
960 1804 1057 1868 quam
1078 1783 1197 1850 babere
1220 1801 1261 1848 ex

64 1897 92 1949 15
113 1887 258 1955 instituto
287 1887 396 1969 debet;
429 1892 535 1972 potest
562 1886 646 1952 enim
675 1887 864 1955 muliebrem
893 1888 957 1968 vir,
990 1886 1116 1953 virilem
1149 1885 1264 1952 mulier

116 1988 250 2071 habere,
283 1993 318 2054 ut
345 1988 377 2054 in
406 2007 503 2054 scena
530 1987 572 2053 ab
599 1988 759 2054 actoribus
781 1988 894 2054 baberi
916 1988 1077 2072 videmus,
1110 1987 1262 2055 sedeam

116 2089 251 2157 dicimus
273 2089 462 2155 muliebrem
491 2108 574 2172 quae
602 2088 643 2156 de
666 2109 704 2156 eo
726 2108 843 2173 genere
872 2095 921 2154 est
954 2106 1016 2170 quo
1044 2087 1169 2156 indutui
1194 2111 1262 2156 mu·

115 2191 211 2258 lieres
233 2196 268 2258 ut
289 2196 451 2257 uterentur
473 2198 522 2257 est
542 2190 730 2257 institutum.
761 2191 805 2257 Ut
826 2195 915 2256 actor
935 2190 1051 2257 stolam
1074 2190 1262 2256 muliebrem

115 2293 162 2359 sic
183 2294 352 2378 Perpenna
374 2298 406 2358 et
428 2291 567 2359 caecina
588 2299 621 2359 et
642 2292 802 2377 Spurinna
823 2291 925 2373 figura
954 2291 1124 2358 muliebria
1153 2290 1261 2359 dieun-

65 2405 94 2456 11
116 2400 167 2462 tur
188 2395 308 2462 habere
329 2393 473 2475 nomina,
500 2414 564 2460 non
586 2394 762 2461 mulierum.
821 2394 981 2460 Flexurae
1004 2412 1130 2477 quoque
1151 2393 1261 2459 simili·
1271 2394 1391 2529 (dudit.
1399 2475 1420 2528 η

116 2496 193 2563 tudo
221 2496 378 2580 videnda,
410 2495 485 2562 ideo
513 2495 600 2577 quod
628 2495 694 2561 alia
721 2495 822 2562 verba
850 2516 945 2580 quam
965 2496 1033 2563 vim
1059 2495 1200 2562 habeant
1222 2515 1262 2562 ex

115 2596 194 2682 ipsis
223 2598 347 2679 verbis,
381 2596 466 2664 unde
495 2597 708 2680 declinantur,
742 2601 893 2682 apparet,
927 2603 962 2663 ut
992 2595 1261 2680 quemadmodum

116 2704 262 2784 oporteat
284 2705 319 2765 ut
340 2720 360 2765 a
381 2700 513 2766 Praetor
535 2696 663 2783 Consul,
686 2699 830 2766 Praetori
853 2699 999 2783 Oonsuli;
1025 2699 1091 2765 alia
1113 2720 1154 2767 ex
1177 2705 1260 2766 tran-

117 2800 181 2867 situ
202 2800 429 2884 intelleguntur
451 2806 486 2866 ut
507 2799 606 2866 Socer
626 2801 734 2868 Macer
740 2850 749 2884 ‚
777 2798 863 2885 quod
885 2799 1021 2867 alterum
1043 2800 1079 2866 fit
1100 2800 1262 2885 Socerum,

202 2957 214 3005 1
236 2950 292 3005 suit
308 2950 389 3005 modo
407 2949 471 3014 suit]
494 2949 550 3005 sint
571 2950 650 3005 modo
673 2950 729 3005 sint
750 2950 890 3020 Laetus,
918 2967 969 3005 om.
992 2953 1081 3021 vulg.
1106 2952 1159 3007 sirit
1182 2954 1262 3008 modo

116 3036 171 3091 suit
187 3035 278 3090 Roth
294 3035 393 3090 Philol.
411 3034 498 3104 XVII,
517 3038 575 3088 tvo.
598 3029 677 3105 ‘fort
702 3040 733 3090 ut
756 3052 844 3104 esum,
870 3051 926 3090 non
951 3037 1031 3092 modo
1058 3052 1118 3092 sum
1144 3037 1206 3092 coll.
1223 3037 1264 3091 IX

115 3117 214 3190 §100²
231 3121 302 3191 LSp.
330 3149 364 3160 -
391 3125 480 3184 curso]
506 3120 589 3188 vulg,
615 3135 698 3175 cursu
721 3119 754 3175 F.
781 3117 858 3189 ‘fort
887 3137 968 3178 curro
995 3115 1112 3178 currito'
1130 3122 1199 3193 LSp.
1227 3153 1262 3161 —

116 3209 131 3258 2
150 3205 272 3262 comunis
288 3207 321 3260 F.
341 3237 372 3243 -
391 3205 451 3274 lege
468 3205 502 3272 F,
519 3205 573 3274 legi
591 3205 685 3274 vulg,
703 3204 778 3275 quod
793 3205 864 3274 lagei
880 3207 991 3278 scripsit
1007 3206 1080 3276 usp.
1099 3237 1131 3246 -
1149 3207 1263 3276 3quod·

115 3306 222 3360 cunque
238 3291 273 3344 Η.
293 3321 325 3328 -
344 3292 562 3356 tcommutatur]
581 3289 654 3360 LSp‚
672 3293 874 3346 commutantur
890 3291 923 3345 F.
942 3321 975 3330 -
994 3295 1009 3345 8
1027 3293 1155 3357 eae1hae
1173 3291 1262 3346 Rho-

113 3374 297 3429 landellus.
316 3404 349 3412 —
367 3370 445 3444 ‘fort
459 3374 716 3430 animadvertendae
728 3391 797 3444 quae
809 3371 961 3431 moventur'
975 3375 1046 3444 LSp.
1066 3406 1098 3415 —
1118 3381 1150 3430 10
1160 3377 1261 3447 potest]

114 3457 237 3525 Aldus,
255 3460 334 3527 potes
351 3457 438 3526 FVa,
456 3475 508 3512 cm.
526 3476 554 3529 p,
571 3460 622 3528 pot
639 3459 672 3528 G,
689 3464 787 3530 potens
804 3461 831 3514 Η
844 3460 876 3526 (l)
893 3461 933 3529 M,
950 3461 1087 3515 Laetus.
1105 3488 1140 3500 -
1157 3459 1261 3528 figuris]

113 3537 192 3611 ‘fort
210 3540 310 3609 figura’
330 3541 400 3611 usp.
428 3573 461 3582 -
489 3548 521 3598 12
540 3543 603 3608 sint]
623 3537 715 3599 ‘immo
734 3538 812 3600 sunt'
829 3546 901 3616 LSp.
928 3575 962 3585 -
987 3543 1096 3613 similia]
1120 3560 1171 3597 cm.
1189 3545 1262 3614 IrSp‚

115 3626 210 3681 similis
227 3626 364 3680 Mulier.
390 3656 424 3665 -
452 3631 484 3681 13
503 3628 617 3693 soleant]
635 3628 758 3697 Aldus,
785 3629 854 3685 solet
871 3646 942 3686 corr.
961 3645 1000 3701 ece
1016 3629 1105 3684 solent
1121 3629 1154 3697 F,
1173 3628 1262 3683 solent

115 3711 177 3780 Vp,
204 3710 275 3765 solet
296 3710 392 3780 GHa,
419 3712 506 3767 soleat
523 3712 568 3781 Μ,
593 3712 750 3769 Laetus.
776 3714 845 3784 fort.
869 3713 1034 3784 significarei
1052 3754 1059 3767 .
1078 3753 1085 3766 .
1104 3713 1200 3768 solent.
1228 3741 1262 3752 -

117 3801 147 3850 tv
167 3796 265 3851 indutu
282 3795 372 3864 vulg.
398 3826 432 3835 -
460 3801 492 3852 19
511 3796 625 3853 cecinna
641 3798 674 3853 F.
696 3827 731 3838 -
753 3799 873 3868 purinna
889 3800 923 3868 F,
941 3813 1012 3852 corr.
1029 3797 1260 3866 Augustinus.

115 3913 148 3921 -
167 3885 199 3935 22
218 3884 342 3951 apparet]
360 3879 456 3950 Pius,
474 3882 621 3953 appellarit
638 3882 670 3952 F,
688 3884 810 3954 appellat
826 3901 853 3952 p.
872 3881 947 3954 ‘fort
966 3882 1142 3954 aperiuntur,
1169 3896 1261 3948 quern·

116 3967 261 4022 admodum
278 3966 411 4021 declinari
429 3960 568 4038 oporteat'
588 3967 660 4040 IrSp.
683 3969 738 4022 nisi
759 3969 837 4039 forte
860 3968 954 4024 deletis
971 3982 1052 4036 quam
1069 3967 1123 4021 vim
1140 3965 1261 4020 habeant

115 4069 204 4124 verbis
224 4069 279 4125 sic:
295 4072 426 4138 apparet,
449 4068 581 4124 declinari
598 4071 831 4138 quemadmodum.
858 4100 892 4108 -
919 4074 951 4124 23
970 4073 1001 4125 ut
1018 4051 1147 4138 apraetor
1166 4066 1200 4120 F.
1229 4096 1259 4106 -
1357 4143 1359 4148 Ι

116 4155 264 4221 quemadm.
289 4157 377 4224 oport.
402 4156 434 4209 ut
455 4153 506 4209 dcl.
531 4153 656 4211 Christ.
680 4172 718 4210 co
739 4156 799 4225 fait
822 4158 955 4225 oporteat
971 4154 1013 4210 uti
1035 4153 1102 4220 (scil.
1124 4152 1154 4206 in
1177 4151 1261 4206 deeli-

114 4237 234 4305 naticne)
250 4239 380 4309 praetor?
