3038 5048
534 289 649 347 LIBER
667 289 814 347 SEXTUS.
850 291 960 358 §2-4.
1281 288 1321 348 73

176 465 327 546 Quintum
348 461 500 544 Κόϊντον,
523 470 556 530 et
577 460 655 551 [nos]
677 454 892 549 Ἀρίσταρχον
913 461 1130 528 Aristarchum
1153 468 1185 530 et
1205 466 1323 529 Δίωνα

176 568 329 652 Dionem3
358 566 415 652 sic,
437 566 577 650 inquam,
600 565 795 634 consuetudo
816 571 926 632 nostra
948 564 1049 631 multa
1071 562 1245 632 declinavit
1266 562 1322 652 [ut]

177 690 200 738 a
219 673 329 738 vetere
350 674 386 735 ut
407 670 449 736 ab
471 669 550 737 Solu
572 669 692 753 Solum,
714 669 756 735 ab
779 668 922 736 Loebeso
943 666 1104 750 Liberum,
1127 666 1169 732 ab
1185 667 1475 737 Laeibmemsro

177 773 287 858 Lares,
310 791 394 856 quae
416 772 531 839 obruta
552 777 710 839 vetustate
732 777 767 838 ut
788 776 899 856 potero
922 789 1031 837 eruere
1053 769 1201 837 conabor.

145 890 163 943 s
263 878 292 943 2.
325 875 476 943 Dicemus
496 875 583 960 prius
599 873 640 942 de
654 873 851 959 temporibus
873 892 969 956 quam
991 891 1074 954 quae
1095 892 1153 957 per
1175 893 1213 940 ea
1233 872 1324 960 fiunt,
1345 876 1366 954 ξ
1388 877 1407 938 3

177 977 236 1048 sed
249 978 296 1045 ita
310 982 346 1047 ut
360 983 434 1045 ante
450 977 619 1044 denatura
634 997 758 1060 eorum;
781 996 821 1043 ea
836 976 920 1044 enim
940 973 1005 1040 dux
1026 974 1086 1040 fuit
1107 974 1151 1041 ad
1165 975 1325 1043 voeabula

176 1079 372 1167 imponenda
386 1078 514 1145 homini.
550 1081 690 1164 Tempus
706 1099 777 1147 esse
792 1078 901 1145 dicunt
915 1077 1118 1145 intervallum
1135 1077 1245 1145 mundi
1268 1074 1323 1165 [et]

178 1190 292 1253 motus.
336 1181 371 1248 id
386 1180 525 1249 divisum
547 1182 581 1248 in
602 1187 711 1267 partes
734 1182 856 1266 aliquot
877 1180 1016 1247 maxime
1031 1180 1074 1246 ab
1089 1179 1168 1247 solis
1183 1185 1216 1248 et
1229 1181 1325 1248 lunae

179 1306 280 1355 cursu
333 1286 442 1367 itaque
468 1284 511 1352 ab
541 1305 649 1352 eorum
679 1289 789 1351 tenore
816 1286 992 1367 temperato
1023 1282 1163 1369 Tempus
1193 1283 1323 1370 dictum,

126 1405 157 1457 to
177 1388 263 1458 unde
278 1386 499 1474 Tempestiva3
524 1392 556 1455 et
577 1407 598 1453 a
619 1392 707 1454 motu
729 1407 837 1454 eorum
860 1384 915 1468 qui
937 1390 1002 1452 toto
1025 1386 1115 1454 eaelo
1137 1386 1324 1455 coniunctus

178 1492 324 1560 Mundus.
385 1493 458 1557 Duo
481 1496 660 1558 motus...
684 1509 759 1556 casu
781 1489 882 1572 venit,
912 1508 974 1570 quo
997 1494 1121 1573 tempus
1141 1489 1177 1556 id
1198 1490 1241 1557 ab
1263 1490 1325 1558 hoc
1345 1493 1408 1571 §4

179 1594 241 1663 deo
262 1595 342 1661 Dies
363 1593 553 1678 appellatur.
596 1591 746 1659 Meridies
774 1592 815 1658 ab
844 1612 882 1658 eo
911 1591 997 1675 quod
1018 1592 1140 1659 medius
1169 1591 1248 1659 dies.
1291 1594 1475 1660 Decuma

178 1696 313 1781 antiqui,
335 1715 398 1762 non
411 1695 440 1761 R
454 1696 487 1762 in
501 1695 564 1762 hoc
578 1692 737 1778 dicebant,
759 1701 794 1761 ut
808 1694 980 1761 Praeneste
996 1692 1130 1760 incisum
1151 1694 1185 1759 in
1206 1695 1323 1764 solario

180 1799 257 1868 vidi.
294 1798 454 1867 Solarium
469 1796 589 1864 dictum
603 1795 647 1882 id,
670 1796 703 1861 in
719 1814 781 1878 quo
800 1796 898 1863 horae
920 1797 953 1861 in
974 1796 1042 1864 sole
1064 1797 1324 1882 inspiciebantur,

126 1919 158 1973 15
179 1902 267 1988 quod
282 1900 448 1970 cornelius
469 1900 503 1966 in
526 1899 659 1966 basilica
673 1899 812 1964 Aemilia
827 1904 859 1965 et
873 1898 990 1967 Fulvia
1011 1899 1214 1966 inumbravit.
1250 1900 1327 1968 Diei

179 2004 369 2093 principium
385 2004 479 2071 Mene
502 2003 589 2086 quod
610 2007 676 2068 tum
698 2007 807 2068 manat
829 2000 898 2068 dies
919 2000 962 2068 ab
983 2002 1113 2086 oriente,
1137 2002 1198 2069 nisi
1219 2003 1326 2087 potius

180 2107 268 2195 quod
282 2108 399 2175 bonum
414 2105 536 2191 antiqui
551 2104 700 2172 dicebant
714 2105 854 2189 Manum,
876 2105 919 2172 ad
940 2103 1116 2173 cuiusmodi
1138 2104 1326 2188 religionem

252 2316 265 2368 l
284 2311 423 2380 Quintum]
441 2310 517 2381 LSp,
545 2310 695 2379 quinctium
712 2310 806 2364 libri.
831 2341 864 2348 -
884 2307 1017 2380 Κόϊντον]
1035 2314 1112 2384 LSp,
1139 2313 1279 2383 quinction
1291 2314 1324 2383 F,

182 2393 318 2455 Κοΐντιον
334 2396 418 2465 vulg.
436 2425 470 2434 —
488 2395 669 2450 Aristarchon
686 2395 719 2449 F.
742 2426 776 2433 —
799 2411 864 2464 nos,
887 2395 928 2449 illi
945 2400 1023 2466 (post
1038 2388 1231 2470 Ἀρίσταρχον)
1248 2396 1326 2451 addit

179 2483 314 2550 Laetus,
332 2481 404 2536 unde
420 2497 471 2536 nos
489 2480 580 2536 arctoi.
595 2474 676 2550 ‘fort
696 2484 724 2536 et
740 2495 791 2535 nos
808 2480 916 2535 illorum
926 2473 1110 2553 Ἀρίσταρχον
1121 2482 1324 2537 Aristarchum’

181 2566 252 2636 usp.
263 2597 298 2607 ·-
310 2568 415 2630 Δίωνα]
433 2565 565 2635 DionaF,
584 2566 673 2635 dyona
681 2565 715 2621 V.
733 2595 767 2604 -
785 2565 936 2630 2Dionem]
955 2568 1070 2637 dyonem
1078 2566 1112 2636 V,
1130 2567 1238 2637 dyonen
1254 2583 1281 2636 p.
1292 2599 1324 2608 —

181 2655 213 2709 ut
231 2654 303 2720 (ante
320 2655 448 2719 avctore)
461 2650 663 2720 del.Popma,
681 2654 712 2706 ut
729 2665 747 2705 a
763 2655 854 2707 vetere
872 2651 1076 2717 omLaetus,
1094 2656 1125 2708 ut
1141 2668 1159 2707 s
1177 2656 1323 2708 uetere...

181 2737 294 2794 absoluo
313 2737 336 2791 B
354 2738 421 2805 (stc),
447 2736 511 2792 inde
528 2739 666 2791 uetustum
689 2735 799 2806 supplet
816 2737 901 2804 vulg.
926 2736 1013 2805 (conf.
1031 2736 1110 2806 infra
1127 2737 1166 2793 VI
1183 2739 1200 2807 ᾖ
1219 2742 1270 2805 59).
1292 2769 1326 2778 -

181 2826 197 2878 3
216 2821 285 2886 solu]
298 2820 351 2877 boc
367 2828 407 2877 est
418 2830 543 2892 quartae,
561 2828 591 2877 ut
602 2837 654 2876 nos
666 2821 789 2886 dicimus,
807 2821 1004 2876 declinationis.
1023 2822 1100 2892 conf.
1111 2825 1191 2892 Aug.
1201 2816 1327 2881 Mulle'r

181 2927 209 2980 p.
220 2911 262 2962 36.
273 2907 453 2964 soloAldus.
473 2908 534 2977 LSp
544 2906 674 2962 coniecit:
692 2910 724 2961 ut
741 2908 775 2961 ab
794 2907 865 2962 solui
882 2907 979 2963 solitus
992 2925 1103 2962 sum—
1121 2909 1217 2974 solum]
1229 2910 1326 2966 solium

182 2992 523 3063 Scaliger-Loebeso
541 2991 679 3060 Mulier,
696 2991 782 3048 libero
801 2993 894 3048 libri.
905 2997 979 3047 -ut
996 3010 1014 3049 a
1030 2998 1325 3063 vetesetvetnselvete-

182 3095 248 3148 rem,
265 3079 300 3134 ab
312 3079 414 3135 Auselo
425 3078 560 3146 Aurelios,
578 3079 614 3133 ab
624 3078 747 3134 Loebeso
756 3078 886 3134 Liberum
898 3082 926 3134 et
937 3079 1064 3134 Liberam
1073 3082 1195 3150 Bergk.
1206 3082 1291 3137 Beitr.
1302 3101 1325 3137 z.

181 3164 331 3220 LGramm.
349 3182 377 3235 p.
388 3167 429 3218 22.
442 3192 475 3201 -
487 3164 624 3228 Liberum]
637 3164 716 3234 vulg
731 3180 769 3219 cx
780 3165 822 3234 Β.,
840 3164 953 3220 liberam
970 3164 1058 3220 libri.
1077 3197 1111 3204 —
1129 3172 1144 3220 5
1161 3167 1246 3237 prius]
1264 3168 1326 3238 LSp

182 3249 269 3321 primo
281 3248 375 3317 libri;
393 3255 443 3304 act
453 3254 511 3306 tum
522 3251 601 3305 seeo.
607 3266 664 3321 pro
678 3265 766 3319 quam.
779 3281 809 3289 -
822 3266 903 3320 quam
915 3256 993 3320 quae]
1006 3267 1129 3320 quaeque
1139 3250 1326 3320 Turnebus,

183 3338 211 3391 et
228 3349 298 3403 quae
314 3334 401 3405 vulg.
420 3352 458 3390 ex
474 3337 507 3390 B.
526 3366 559 3376 -
576 3335 645 3392 fiant
663 3336 722 3391 GH.
742 3366 774 3375 -
793 3341 807 3389 ‘l
825 3336 1004 3403 intervallum]
1027 3337 1170 3407 Laetus,
1194 3337 1327 3392 inuellum

182 3420 276 3476 libri.
289 3450 323 3460 -
340 3423 376 3487 et]
395 3420 441 3476 del
452 3421 639 3476 Turnebus.
655 3452 686 3460 -
706 3425 721 3476 8
738 3421 841 3493 parteis
860 3420 884 3473 F
901 3438 947 3492 ap.
964 3421 1033 3476 Vtct.
1046 3453 1080 3462 -
1097 3438 1222 3478 maxume
1239 3422 1274 3476 Η.
1293 3453 1326 3462 -

171 3508 200 3575 ἱ9
216 3504 251 3560 ab
269 3508 462 3572 (calceorum)
481 3524 533 3562 om.
549 3505 660 3562 cHtf.
679 3536 714 3546 -
734 3512 764 3561 10
781 3506 951 3576 tempestiva]
969 3511 1116 3576 tempestas
1134 3507 1326 3577 Scioppius.

183 3621 216 3630 -
231 3593 315 3654 motu]
333 3594 437 3646 motore
445 3592 478 3661 B,
496 3592 623 3648 Laetus
642 3592 770 3656 (motorF
783 3591 860 3662 apud
874 3591 1003 3658 Vict.).—
1016 3593 1120 3657 uduo]
1134 3593 1178 3647 dio
1190 3593 1326 3648 Laetus.

182 3706 216 3714 -
234 3679 324 3730 motus
342 3680 416 3741 casu]
435 3681 525 3732 motus
544 3677 617 3746 sobe,
636 3677 706 3732 alter
724 3693 786 3733 cum
804 3677 880 3732 caelo
899 3694 951 3746 quo
969 3677 1004 3731 ab
1023 3677 1128 3733 oriente
1145 3678 1181 3733 ad
1199 3693 1328 3734 occasum

183 3759 320 3830 Muller,
334 3753 438 3815 ‘malim
456 3762 521 3816 solis
534 3766 599 3818 sunt
610 3779 725 3832 quorum
736 3764 815 3830 alter,
833 3778 885 3830 quo
897 3763 932 3818 ab
945 3763 1049 3819 oriente
1062 3763 1098 3818 ad
1110 3762 1244 3818 occasum’
1254 3762 1326 3834 LSp.
1409 3756 1411 3769 '

183 3846 309 3902 lacunam
328 3847 512 3901 indicavimus.
532 3863 603 3918 qaae
620 3847 704 3902 lateat
721 3849 863 3914 sententia,
879 3849 986 3919 primus
997 3848 1181 3918 Scioppius
1193 3847 1328 3918 explicuit

184 3930 227 3987 bis
244 3931 346 3988 verbas-
372 3931 444 3986 unde
467 3935 622 4001 tempestas.
650 3948 720 3987 nnus
744 3936 834 3987 motus
857 3933 922 3989 solis
945 3937 987 3989 est
1011 3949 1064 4002 quo
1088 3937 1146 3988 toto
1165 3931 1326 3997 coniunctus

183 4018 283 4072 mundo
301 4016 336 4072 ab
354 4021 416 4072 ortu
433 4016 463 4071 in
480 4032 608 4072 occasum
624 4017 706 4073 venit.
725 4022 831 4087 tempus
849 4018 886 4073 id.
898 4048 931 4058 -
946 4021 977 4072 12
995 4018 1055 4082 deo]
1074 4018 1120 4072 dio
1132 4018 1165 4086 B,
1183 4019 1326 4087 August

184 4119 271 4174 more.
290 4133 322 4143 -
342 4106 375 4156 14
392 4102 448 4158 vidi
466 4145 472 4158 .
487 4142 514 4156 ..
532 4102 749 4172 inspiciebantur
767 4120 819 4158 om.
838 4103 980 4171 Laetus,
999 4103 1165 4159 solarium..
1178 4102 1326 4174 .inspicie·

184 4189 284 4243 bantur
305 4204 357 4242 om.
375 4188 462 4257 vulg.
481 4205 519 4245 ea
536 4187 567 4241 B.
592 4217 625 4226 -
650 4192 681 4242 15
695 4180 736 4243 ‘et
757 4189 827 4258 sort.
846 4181 906 4244 det'
924 4188 994 4258 usp.
1018 4219 1051 4226 -
1073 4187 1233 4246 inunbrauit
1249 4188 1269 4244 f.
1292 4219 1326 4229 -

187 4277 218 4330 tt
235 4278 302 4339 tum]
321 4290 382 4332 cum
399 4272 431 4328 T.
448 4304 482 4313 —
502 4278 532 4329 tv
552 4272 722 4343 quoiusmodi
740 4273 854 4330 GHaf.
