3038 5048
452 339 567 397 LIBER
584 339 772 399 SEPTIMUS.
808 341 825 410 S
844 344 953 398 82·se.
1215 341 1277 400 149

129 512 176 579 ait
197 511 271 580 ideo
293 530 409 577 nomen
430 509 575 578 additum
599 510 858 595 Andromachae,
888 512 974 594 quod
998 502 1095 598 ἀνδρὶ
1116 510 1436 596 pdxcaomlnssttsce·

130 615 191 681 hcc
206 612 299 679 Ennii
323 612 394 695 quis
415 619 523 697 potest
543 613 732 695 intellegere
753 613 916 681 inversum
929 611 1109 697 significare
1122 612 1276 684 Andro·

130 715 296 781 machae
317 734 457 782 nomen
479 714 546 797 qui
566 713 718 782 indidit
747 720 859 783 recte
880 712 1035 782 indidit
1056 722 1112 781 aut
1137 716 1277 783 Alexan·

131 815 223 882 drnm
245 816 287 882 ab
309 835 347 882 eo
370 816 583 901 appellatum,
612 817 645 884 in
666 817 803 884 Graecia
824 816 879 899 qui
901 815 993 883 Paris
1014 816 1142 900 fuisset,
1171 837 1276 900 aquo

93 939 107 988 s
130 918 301 984 Herculem
324 936 451 1000 quoque
473 916 729 999 cognominatum
750 919 960 1002 Alexicacon,
986 918 1029 985 ab
1052 937 1090 986 eo
1113 917 1200 1000 quod
1222 917 1276 984 de·

129 1019 237 1087 fenscr
257 1025 343 1086 esset
364 1019 552 1087 hominum?

213 1118 311 1206 Apud
332 1120 479 1186 Accium:
1298 1123 1318 1202 ἓ
1342 1123 1383 1188 83

280 1224 441 1306 lamque
462 1240 648 1288 auroram
669 1222 845 1290 rutilare
867 1225 1009 1309 procul

282 1322 419 1391 Cerno.

80 1449 108 1499 ro
128 1426 254 1492 Aurora
275 1424 390 1491 dicitur
410 1431 484 1491 ante
506 1424 584 1492 selis
599 1431 711 1508 ortum,
734 1426 776 1491 ab
792 1443 831 1494 eo
855 1424 942 1512 qnod
962 1427 1005 1493 ab
1026 1425 1095 1511 igni
1114 1425 1193 1492 solis
1207 1429 1276 1492 tum

128 1546 224 1593 aureo
254 1547 310 1593 aer
335 1526 482 1594 aurescit.
527 1526 620 1605 Quod
642 1527 734 1593 addit
754 1528 908 1609 Rutilare,
937 1535 987 1596 est
1013 1529 1056 1594 ab
1084 1527 1198 1596 eodem
1224 1548 1276 1595 co·

127 1628 208 1713 lere;
231 1628 321 1694 aurei
342 1627 425 1694 enim
447 1624 583 1714 [nummi]
598 1629 707 1713 Rutili,
730 1634 762 1696 et
782 1627 859 1696 inde
882 1625 990 1714 [enim]
1013 1629 1163 1697 mulieres
1177 1626 1275 1696 valde

128 1729 218 1798 rusae
240 1730 368 1796 Rutilae
390 1729 504 1797 dictae.

211 1829 309 1916 Apud
330 1831 531 1899 Terentium:
1298 1833 1318 1917 S
1340 1835 1380 1900 84

78 1960 105 2010 15
281 1930 507 2016 Scortatur,
530 1938 661 2016 potat,
690 1932 776 1999 olet
797 1937 1003 2016 unguenta
1025 1932 1072 2000 de
1094 1951 1187 2001 mec.
1283 1916 1434 1972 (ΜΨ)

128 2033 268 2103 Scortari
290 2037 340 2099 est
361 2033 490 2117 saepius
511 2035 745 2100 meretriculam
768 2033 893 2115 ducere,
916 2053 999 2116 quae
1022 2035 1108 2102 dicta
1129 2056 1150 2101 a
1172 2035 1273 2119 pelle;

126 2137 161 2203 id
183 2136 268 2203 enim
289 2155 353 2201 non
375 2134 479 2200 solum
500 2136 626 2217 antiqui
647 2135 797 2202 dicebant
811 2136 967 2218 Scortum,
989 2135 1048 2201 sed
1070 2137 1167 2202 etiam
1189 2157 1275 2203 nunc

126 2238 262 2305 dicimus
285 2237 417 2304 Scortea
438 2254 478 2302 ea
500 2256 583 2320 quae
611 2257 629 2304 e
657 2238 743 2303 corio
771 2257 810 2304 ac
838 2237 978 2321 pellibus
1006 2244 1079 2303 sunt
1104 2237 1208 2321 facta,
1241 2237 1274 2302 in

126 2342 248 2424 aliquot
270 2338 370 2406 sacris
391 2357 430 2404 ac
451 2338 579 2406 sacellis
601 2339 754 2423 scriptum
775 2335 944 2405 habemus:

73 2473 103 2524 20
275 2455 327 2510 nn
345 2452 443 2523 quon
466 2453 664 2510 secunaum
681 2453 926 2510 nnnmnnnun

124 2541 266 2611 ideone
294 2541 494 2608 morticinum
523 2541 600 2624 quid
628 2540 722 2607 adsit.
766 2543 803 2607 ln
832 2542 990 2608 Atellanis
1024 2539 1100 2605 lieet
1130 2539 1271 2604 animad-

124 2651 250 2711 vertere
272 2643 406 2710 rusticos
428 2640 535 2709 dicere
556 2661 592 2709 se
613 2642 788 2710 adduxisse
810 2663 867 2728 pro
889 2648 994 2709 scorto
1016 2640 1214 2708 Pellieulam.

208 2744 306 2831 Apud
326 2744 474 2811 Accium:
1276 2832 1284 2876 ί
1286 2749 1313 2882 J
1317 2748 1395 2885 815113ῑέΡ
1408 2830 1427 2883 η

125 2922 279 2999 Euripidis'
296 2930 367 2999 LSp.
385 2959 420 2969 -
439 2934 450 2982 1
471 2929 603 2993 additum]
619 2928 737 2983 inditum
755 2928 942 2985 Victorius.
978 2925 1056 2999 ‘fort
1074 2921 1181 2984 datum'
1198 2928 1272 2999 LSp.

125 3045 157 3055 —
174 3015 359 3070 andromache
376 3013 408 3068 F.
427 3044 460 3053 -
478 3008 559 3088 α’νδρὶ
575 3010 707 3085 μάχεται]
725 3014 937 3069 andromachete
954 3014 987 3081 F,
1005 3013 1189 3070 andromache
1206 3012 1272 3082 GH,

124 3115 196 3155 corr.
215 3100 331 3154 Aldus.
350 3129 383 3138 —
402 3103 417 3153 1
434 3100 581 3169 inversum]
600 3116 711 3155 uersum
728 3097 769 3166 ll,
790 3098 918 3154 inversu
936 3097 1127 3167 Turnebus,
1145 3098 1204 3154 viro
1222 3100 1272 3155 ad·

124 3201 229 3239 remam
252 3184 387 3239 Muller.
423 3184 560 3239 inversum
586 3183 741 3251 significare
767 3200 819 3238 om.
849 3183 1046 3254 Scioppius.
1082 3199 1164 3238 versu
1187 3183 1272 3252 signi·

124 3269 203 3323 ficari
219 3269 331 3338 Bergk
347 3271 419 3323 Ann.
431 3269 498 3337 phil.
513 3270 548 3324 01
564 3285 591 3338 p.
603 3272 662 3323 831).
680 3264 760 3338 ‘fort
778 3267 914 3322 Ennium.
926 3307 933 3321 .
943 3267 972 3322 iu
989 3283 1070 3324 versu
1087 3269 1131 3322 cel
1146 3268 1176 3321 in
1193 3284 1273 3322 versu

125 3347 302 3421 significarei’
320 3353 391 3422 LSp.
410 3384 442 3393 -
461 3358 478 3407 1
496 3354 659 3424 iatcrpuuoei
671 3359 740 3424 post
756 3353 937 3423 appellatum,
959 3357 1028 3423 pest
1044 3352 1163 3409 Graecia
1179 3352 1271 3421 culpo.

124 3467 156 3476 —
175 3442 191 3490 5
210 3442 417 3505 cognomentum
433 3437 469 3505 H,
488 3439 656 3494 nominatum
673 3439 812 3494 Laetus.
830 3468 864 3477 -
882 3431 1053 3504 ἀλεξίκακον
1070 3436 1167 3504 vulg,
1185 3435 1272 3490 alexi-

125 3526 207 3577 caton
217 3522 256 3587 M,
274 3520 417 3587 Laetus,
435 3522 596 3578 alexicatem
608 3524 640 3579 G.
660 3553 693 3562 —
711 3524 840 3595 depulsor
857 3526 930 3578 esset
942 3522 1060 3578 ominum
1072 3520 1271 3591 Scioppius.

124 3636 157 3645 -
176 3611 192 3660 9
209 3612 258 3659 out
275 3622 293 3658 c
311 3620 393 3660 cerno
411 3621 498 3660 nouus
515 3606 613 3678 incipit
629 3606 720 3662 elimet.
739 3624 820 3680 areop.
839 3614 890 3662 aut
906 3625 923 3662 o
940 3607 1063 3662 rutilare.
1087 3635 1121 3645 -
1142 3610 1169 3659 11
1190 3620 1271 3660 aure·

124 3697 184 3746 scat
201 3689 323 3746 GHah.
341 3720 375 3729 —
392 3690 500 3746 addidit
517 3706 542 3745 a.
560 3721 595 3731 -
619 3696 650 3746 12
667 3692 779 3757 nummi]
796 3691 859 3747 add.
879 3691 949 3761 LSp.
974 3721 1008 3730 -
1030 3689 1111 3757 enim]
1129 3689 1180 3744 del.
1198 3689 1271 3759 LSp,

124 3775 206 3830 etiam
223 3774 364 3830 Laetus.
382 3778 411 3830 et
426 3775 547 3831 indidem
559 3775 620 3847 LSp
639 3776 712 3842 olim,
732 3777 855 3832 Christ.
873 3805 908 3818 -
926 3781 959 3830 14
971 3774 1138 3838 Terentium]
1151 3774 1270 3842 Adelph.

123 3860 183 3926 Li,
195 3863 227 3914 31
246 3858 293 3914 abi
309 3876 365 3915 nea
383 3864 521 3916 scortatur
537 3861 587 3915 ced
605 3860 721 3916 obsonet
737 3863 766 3916 ia
783 3861 860 3916 libris
876 3868 925 3916 cst.
944 3890 978 3901 -
998 3864 1027 3915 15
1046 3863 1214 3927 unguentum
1230 3858 1271 3927 M,

123 3945 260 4000 Laetus,
278 3975 311 3985 -
331 3949 363 4000 16
374 3945 467 4016 sepius
479 3945 511 3999 F.
532 3975 561 3984 —
580 3961 650 4014 quae
668 3950 788 4002 scortum
804 3945 1055 4011 dictaUrsinus,
1073 3942 1269 4013 Scioppius.

123 4059 157 4068 -
177 4034 207 4084 18
225 4045 243 4084 a
260 4030 335 4085 corio
352 4031 421 4086 HV.
453 4060 486 4071 -
511 4030 550 4095 in]
568 4030 632 4086 inde
648 4030 678 4084 in
694 4030 809 4086 Aldus.
836 4059 870 4071 -
898 4033 929 4084 19
947 4029 1058 4099 aliquod
1074 4043 1145 4083 corr.
1163 4045 1203 4084 ca·
1219 4029 1270 4086 all·

123 4118 190 4181 quot
206 4113 237 4170 F.
256 4146 289 4155 —
306 4131 340 4171 ae
358 4115 466 4172 sacellis
484 4127 517 4182 ac
534 4116 643 4181 sacellis
661 4114 693 4169 F.
712 4145 745 4155 -
763 4119 796 4169 20
813 4131 849 4170 ne
865 4114 932 4183 quid
949 4114 976 4169 Η
990 4113 1025 4180 qi)
1042 4113 1164 4179 Aldus,
1181 4130 1270 4184 neque

123 4198 163 4266 M,
181 4197 322 4269 Laetus,
339 4202 372 4255 Β.
390 4231 424 4241 -
442 4205 474 4256 11
493 4200 575 4257 cerlo
592 4200 654 4254 ideo
673 4239 701 4252 ..
720 4199 793 4255 adsit
810 4214 881 4270 qaae
899 4199 977 4255 titulo
995 4196 1176 4264 addebantur,
1200 4199 1269 4254 Vor-

124 4284 201 4338 rom's
218 4301 276 4341 esse
293 4285 361 4340 cidit
379 4286 506 4341 christ.
523 4315 558 4325 -
576 4287 609 4338 11
628 4286 666 4350 se]
685 4298 777 4339 secum
795 4285 826 4340 Β.
