3038 5048
258 268 346 307 nxxrv
762 247 899 303 Praefatio.

259 428 331 486 denti
345 426 464 483 adiunxit
478 425 626 482 sententiae
641 423 692 480 sic:
709 425 804 495 itaque
819 421 1027 497 reprenendam
1044 464 1051 479 .
1069 463 1076 478 .
1094 466 1099 478 .
1115 429 1258 479 naturam.
1282 439 1345 479 cum
1361 465 1369 481 .
1386 445 1411 493 .‚·

257 513 309 570 hoc
331 521 362 568 ut
385 512 497 575 laceret,
531 509 637 583 vulgata
659 526 727 582 quae
750 507 823 565 nullo
847 515 957 564 auctore
979 508 1048 564 idem
1071 507 1232 564 vocabulum
1252 509 1352 582 repetit
1373 511 1412 566 sit

257 605 363 655 natura
391 595 528 667 analopia
561 595 688 667 deceptus
717 602 766 649 est.
812 593 934 649 Ceterum
963 592 996 649 ab
1023 593 1099 648 initio
1127 591 1276 666 perlectum
1309 595 1411 652 activae

258 691 285 740 et
305 681 423 756 passivae
453 679 554 737 formae
582 688 687 752 tempus
715 677 802 735 solum
832 678 1000 733 indicandum
1027 686 1082 742 est,
1118 677 1256 750 quaeritur
1283 694 1347 734 vero
1377 680 1410 735 de

257 769 323 824 ilem
343 766 413 822 bace
436 772 530 829 catus,
561 763 666 836 vulgata
691 765 756 818 item
777 769 894 818 necatus
917 779 949 818 er
971 762 1125 818 coniectura
1148 762 1236 834 dedit,
1267 762 1340 836 quod
1362 763 1410 819 lit-

258 854 322 908 teris
344 850 445 908 eccedit
467 858 494 905 et
514 848 607 904 similia
629 846 708 904 verba
734 846 885 921 pungendi,
917 846 1063 911 tundendi,
1094 846 1220 911 necandi,
1251 845 1410 903 verberandi

259 937 390 999 cumulat,
418 932 514 1008 quibus
537 932 606 988 inira
629 939 740 988 amatus
762 931 829 989 male
851 931 1010 1004 respondem
1046 932 1114 986 idem
1137 930 1229 987 ethic
1252 932 1408 1005 requiritur,

258 1022 330 1096 quod
355 1022 433 1077 etiam
455 1035 538 1092 supra
552 1017 594 1082 lx,
612 1019 650 1075 97
668 1015 780 1089 exempli
795 1017 879 1072 vicem
902 1024 983 1072 tenet.
1007 1015 1086 1072 scrib.
1108 1018 1174 1071 item
1196 1022 1308 1071 amatus
1330 1033 1410 1087 sum;

258 1109 368 1180 antiquo
393 1102 539 1159 correctori
561 1102 588 1156 in
610 1101 651 1156 his
673 1103 838 1157 verberatus
859 1101 943 1156 latere
965 1100 1113 1164 videbatur,
1137 1109 1164 1156 et
1185 1099 1253 1156 male
1275 1109 1411 1175 utsupra

258 1191 379 1247 laturum
402 1203 511 1260 quoque
533 1195 638 1259 tempus
660 1185 767 1241 addidit.
814 1188 849 1241 nt
871 1185 916 1258 qui
938 1185 1131 1242 sententiarum
1154 1193 1195 1240 est
1217 1181 1324 1241 nexus‘l
1360 1187 1410 1242 de-

257 1275 312 1331 leto
333 1271 415 1328 verbo
439 1279 479 1327 est
500 1272 564 1327 haee
586 1270 773 1342 coniungenda
795 1270 919 1326 videntur
935 1311 942 1324 .
959 1311 966 1325 .
983 1277 1009 1325 et
1031 1286 1093 1324 eum
1114 1276 1188 1324 reete
1209 1270 1247 1324 sit
1266 1269 1331 1324 ideo
1355 1271 1410 1342 lepr

259 1366 285 1413 et
307 1358 449 1427 lepebam,
481 1373 538 1411 uon
559 1362 633 1409 recte
656 1352 717 1428 [est]
747 1355 802 1426 lepi
832 1356 870 1409 ad
898 1355 967 1424 lepi,
991 1398 998 1412 .
1023 1395 1029 1408 .
1052 1355 1162 1410 iniuria
1184 1352 1409 1426 reprehendunt‚·

258 1451 346 1498 tamen
369 1457 423 1515 quo
446 1440 534 1495 minus
556 1439 608 1496 boc
629 1437 715 1512 probe
737 1439 836 1495 dictum
859 1438 1010 1511 probarem,
1037 1438 1117 1494 verba
1138 1439 1234 1510 itaque
1257 1438 1410 1511 repreben-

259 1528 327 1583 dunt
351 1569 356 1581 .
381 1568 388 1582 .
412 1567 418 1581 .
441 1525 528 1581 uerba
552 1540 620 1597 quae
642 1523 678 1578 ibi
700 1522 756 1578 sole
777 1532 849 1580 stare
871 1540 925 1578 non
948 1531 1076 1596 possunt,
1110 1531 1284 1579 monuerunt.
1330 1522 1411 1590 Quod

259 1611 363 1685 saepius
392 1612 419 1667 in
453 1609 495 1664 his
522 1607 596 1663 libris
624 1607 724 1663 factum
753 1616 794 1663 est
822 1616 849 1663 et
876 1625 957 1681 supra
985 1608 1020 1672 X,
1048 1609 1084 1665 19
1109 1609 1140 1663 0.
1169 1606 1265 1665 Miiller
1299 1609 1409 1681 egregio

259 1696 379 1769 exemplo
408 1693 525 1750 ostendit
551 1710 642 1749 versus
673 1709 730 1748 esse
760 1692 898 1755 disiectos,
934 1693 980 1766 qui
1010 1701 1083 1748 reete
1112 1691 1250 1748 coniuncti
1274 1691 1410 1765 integram

258 1781 371 1836 reddant
393 1779 565 1842 sententiam,
597 1777 623 1832 id
645 1775 779 1832 hocloco
802 1777 910 1842 accidit;
945 1794 988 1832 res
1010 1777 1066 1850 ipsa
1088 1777 1220 1850 integram
1248 1777 1410 1834 sententiam

258 1865 297 1921 sie
318 1864 464 1937 procedere
487 1863 575 1927 docet,
598 1861 709 1918 seclusis
725 1879 793 1935 quae
807 1861 874 1917 male
896 1861 1026 1918 inculcata
1049 1870 1122 1926 sunt,
1151 1869 1182 1917 ut
1205 1870 1299 1916 natura
1322 1870 1410 1918 textus

257 1956 394 2021 appareat:

342 2049 409 2088 uam
431 2047 494 2086 cum
515 2032 571 2086 sint
593 2033 680 2088 uerba
703 2031 764 2087 alia
785 2030 898 2102 insecti,
932 2037 962 2085 ut
985 2031 1044 2101 lepo
1068 2028 1114 2104 [el]
1138 2031 1223 2101 lepis,
1259 2031 1319 2085 alia
1339 2047 1408 2102 per-

269 2144 271 2148 ⁴
342 2117 423 2189 sceti,
457 2124 486 2172 ul
509 2116 563 2188 lapi
586 2114 633 2189 [et]
657 2116 762 2186 lepisti,
799 2123 824 2171 et
853 2117 971 2171 debeant
999 2116 1046 2169 sui
1075 2116 1208 2187 cuiusque
1236 2115 1349 2186 pencris
1377 2121 1409 2170 in

345 2202 536 2272 roniuupendo
560 2201 706 2273 copulari,
742 2208 767 2255 et
789 2217 851 2255 cum
872 2207 946 2255 recte
967 2201 1004 2255 sit
1025 2200 1088 2254 ideo
1112 2200 1166 2270 lepi
1194 2191 1245 2280 [et]
1273 2200 1407 2270 lepebam,

343 2305 399 2343 nan
422 2293 496 2342 recte
518 2293 558 2341 est
581 2287 640 2356 lepo
657 2283 716 2359 [ad]
731 2287 794 2357 lepi,
817 2286 890 2356 quod
912 2285 966 2355 lepi
987 2284 1128 2357 sipnifical
1150 2285 1224 2356 pund
1242 2283 1407 2355 perfectum,

343 2380 373 2427 ut
394 2372 464 2428 baec
488 2371 592 2435 tutudi,
620 2372 742 2443 pupupi,
767 2364 865 2449 [tundo
883 2384 995 2441 paupe,
1026 2371 1141 2425 tundam
1160 2367 1311 2440 punpaml,
1342 2370 1408 2423 item

343 2466 455 2512 amatus
477 2472 539 2511 sum
562 2454 736 2527 [verberatus
758 2470 833 2517 sum,
863 2445 1063 2531 verberator}-
1096 2455 1193 2524 ltapue
1216 2454 1290 2524 quod
1311 2469 1408 2526 repre·

343 2542 466 2596 bendani
489 2541 537 2611 qui
559 2546 659 2594 contra
682 2540 832 2610 analopias
855 2539 964 2603 dicunt,
995 2555 1046 2592 cur
1068 2538 1243 2611 dispariliter
1264 2539 1294 2592 in
1318 2539 1408 2593 tribus

268 2646 272 2668 τ
344 2626 513 2696 temporibus
529 2624 661 2679 dicautur
684 2625 822 2695 quaedam
844 2624 939 2687 verba,
962 2623 1071 2678 iniuria
1093 2621 1308 2696 reprehendunt,
1332 2623 1409 2695 quod

345 2715 370 2762 et
391 2708 488 2780 insecti
510 2710 584 2763 inter
605 2725 635 2762 sc
657 2710 763 2764 similia
785 2715 850 2764 sunt
872 2716 898 2763 ct
916 2708 1037 2780 perfecti
1057 2708 1132 2763 inter
1153 2723 1213 2762 scr.
1238 2750 1245 2763 .
1270 2733 1297 2761 .⁴

258 2794 326 2848 hanc
348 2793 496 2849 sententiae
517 2792 629 2847 formam
652 2793 840 2865 praetulimus,
877 2810 909 2847 ne
931 2793 954 2847 si
976 2791 1062 2848 deleto
1086 2799 1126 2847 est
1149 2791 1243 2847 ceteris
1273 2792 1312 2847 sie
1338 2807 1408 2847 eon·

258 2877 355 2933 iunctis
384 2877 507 2948 epodosis
537 2877 584 2940 sit,
618 2878 726 2932 iniuria
754 2875 974 2949 reprehendunt,
1008 2878 1056 2948 qui
1084 2883 1184 2932 contra
1205 2876 1357 2945 analapias
1375 2917 1406 2931 ..

260 2962 396 3033 quaedam
418 2962 519 3024 uerba,
554 2961 627 3032 quod
655 2968 680 3016 et
707 2961 804 3033 insecti
831 2962 905 3017 iuter
926 2977 956 3015 se
978 2961 1084 3016 similia
1106 2967 1170 3016 sunl
1194 3000 1201 3015 .
1226 3002 1232 3016 .
1256 2961 1407 3016 necessario

258 3044 388 3101 vocabula
410 3045 504 3116 itaque
527 3044 733 3117 reprehendunt
754 3045 867 3103 delenda
889 3053 988 3101 essent.
1033 3045 1082 3101 sub
1105 3045 1184 3101 finem
1207 3044 1325 3117 exempla
1346 3044 1408 3100 lau·

260 3132 358 3188 dantur
380 3128 476 3203 quibus
499 3146 530 3184 ex
551 3146 606 3185 uno
635 3138 709 3186 recto
738 3147 800 3187 casu
829 3130 896 3204 duos
925 3129 1048 3204 obliquos
1079 3139 1106 3186 et
1134 3147 1165 3185 en
1193 3129 1309 3197 duobus
1327 3130 1408 3205 rectis

258 3233 343 3272 unum
365 3213 504 3287 obliquum
526 3213 583 3270 fieri
606 3231 685 3287 posse
708 3216 920 3289 demonstretur;
945 3231 995 3288 ego
1012 3214 1074 3270 olim
1090 3214 1219 3271 Diomedi
1234 3221 1260 3269 ct
1274 3213 1407 3287 supplevi,

260 3301 331 3375 quod
354 3298 448 3355 Miiller
468 3297 566 3371 probat
588 3315 688 3371 negans
712 3301 817 3372 gravius
838 3301 924 3356 inesse
946 3299 1087 3364 mendum,
1122 3298 1197 3372 quod
1218 3291 1358 3354 Diomedes
1381 3306 1408 3353 et

259 3384 388 3442 Hercules
410 3392 437 3440 et
457 3382 598 3456 singularis
626 3392 654 3439 et
680 3383 791 3457 pluralis
817 3384 922 3440 numeri
950 3401 1027 3440 casus
1054 3392 1143 3440 rectus
1171 3382 1220 3448 sit;
1254 3383 1280 3438 id
1311 3381 1408 3439 falsum

259 3480 313 3534 est,
348 3486 408 3525 narn
437 3467 614 3524 heterocliton
644 3467 760 3525 eiusdem
788 3469 892 3524 numeri
913 3469 967 3524 sive
989 3468 1131 3541 singularis
1153 3468 1207 3523 sive
1228 3466 1407 3523 multitudinis

258 3554 407 3628 flagitatur,
441 3568 556 3626 quorum
585 3552 697 3608 alterum
728 3568 808 3625 supra
831 3552 901 3615 Vlll,
927 3554 965 3609 26
995 3551 1094 3625 legitur
1114 3560 1206 3608 utrum
1228 3552 1347 3607 Herculi
1368 3567 1407 3607 an

259 3640 392 3695 Herculis
414 3639 497 3693 claua
520 3637 576 3692 dici
598 3643 742 3708 oporteat,·
774 3636 910 3692 reddenda
934 3636 1015 3708 igitur
1036 3639 1087 3693 erit
1109 3635 1299 3710 quadripertita
1320 3634 1407 3689 forma

259 3725 332 3794 quod
357 3725 388 3779 iu
417 3722 545 3778 oratione
573 3734 679 3792 quoque
707 3735 914 3792 nonnumquam
942 3723 1082 3793 reperitur
1108 3723 1165 3787 sic,
1200 3728 1230 3776 ut
1257 3719 1406 3775 Diomedes

259 3807 401 3879 causentur
423 3806 552 3863 Diomedi
574 3813 599 3860 et
621 3805 778 3870 Diomedis,
811 3806 852 3860 sie
875 3805 987 3878 [dieitur
1009 3805 1057 3881 ab]
1083 3808 1217 3863 Hercules
1239 3803 1357 3862 Herculi
1381 3811 1407 3859 et

259 3892 400 3955 Herculis,
423 3891 539 3947 simodo
555 3889 694 3946 serendum
717 3897 757 3946 est
779 3889 850 3945 nude
872 3891 991 3963 positum
1012 3892 1082 3948 istud
1106 3891 1249 3963 confertur
1270 3906 1320 3963 pro
1342 3888 1407 3944 vul-

259 3975 394 4045 genisio,
417 3983 447 4030 ul
470 3976 572 4032 dicitur
594 3975 630 4030 ab
653 3974 823 4029 Diomedes.
842 3975 905 4029 ‚sie
928 3978 963 4033 ab
987 3976 1124 4032 Hercules
1142 4018 1173 4031 ..
1211 3978 1240 4033 ln
1262 3973 1405 4048 postremis

259 4056 346 4113 verbis
369 4059 405 4114 ab
428 4078 482 4116 uno
506 4061 613 4133 eapite,
640 4060 676 4115 ab
699 4067 773 4113 reela
797 4074 879 4125 casu,
910 4069 941 4116 ut
962 4061 982 4116 p
1004 4069 1065 4117 ante
1089 4068 1268 4116 correcturum
1290 4057 1404 4123 exbibet,

259 4141 301 4198 alii
323 4159 383 4197 eum
405 4143 431 4196 p.
448 4161 518 4200 corr.
542 4146 634 4217 eapite
657 4144 693 4199 ab
716 4150 791 4198 reato
813 4145 951 4217 praebent,
974 4144 1140 4219 respondent
1154 4150 1247 4214 postea
1263 4160 1282 4199 a
1298 4145 1405 4200 duobus
