3038 5048
267 298 308 358 oa
593 299 707 358 urens
724 300 892 372 oumuus.
928 302 945 369 s
964 305 1106 358 res-15⁸.

266 479 362 556 oapta
382 472 449 540 fixa
469 477 543 540 sunt
563 478 683 558 rostra,
706 474 765 542 sub
786 473 899 542 dextra
920 473 1014 540 buius
1035 493 1057 539 a
1078 472 1205 542 domitio
1226 475 1315 541 loous
1336 472 1415 539 sub-

265 580 412 658 stractus,
435 575 491 641 ubi
504 575 667 643 nationum
681 576 889 644 subsisterent
903 576 1003 660 legati
1018 574 1072 659 qui
1086 575 1129 640 ad
1143 579 1289 643 senatum
1303 578 1416 641 essent

136 678 156 755 5
181 681 241 744 156
265 676 364 743 missi.
396 677 424 742 is
448 677 667 745 Graecostasis
688 677 868 763 appellatus
889 699 910 745 a
931 684 1023 763 parte
1045 685 1079 745 ut
1099 679 1209 745 multa.
1270 676 1413 744 Senatu·

264 779 331 845 lum
346 798 443 863 snpra
454 778 690 847 Graecostasim
700 780 757 847 ubi
766 778 857 846 aedis
868 778 1065 846 Concordiae
1079 785 1112 847 et
1125 777 1261 846 basilica
1271 777 1411 862 Opimia

114 879 459 948 ‹uronosenaeulum
476 885 633 964 vocatum,
656 881 711 947 ubi
726 886 854 948 senatus
876 886 931 948 aut
952 881 1007 948 nbi
1028 880 1170 948 seniores
1192 880 1411 962 consisterent,
1434 893 1449 942 u

264 981 384 1050 dietum
406 988 440 1049 ut
462 988 619 1068 γερουσία
635 981 722 1069 apud
737 981 887 1049 Graecos.
923 984 1079 1051 Lautolao
1094 984 1136 1050 ab
1150 981 1301 1076 lavando,
1324 981 1412 1062 quod

263 1084 310 1151 ibi
336 1083 380 1149 ad
401 1085 513 1150 Ianum
535 1083 704 1150 Geminum
733 1102 836 1165 aquae
865 1085 978 1152 caldae
1005 1087 1139 1152 fuerunt.
1182 1084 1223 1152 ab
1246 1082 1296 1150 bis
1317 1083 1412 1167 palus

263 1186 322 1253 fuit
346 1184 380 1251 in
401 1185 523 1252 minore
544 1186 698 1269 Velabro,
728 1206 749 1251 a
771 1204 833 1268 quo
856 1185 1009 1269 quodibi
1031 1187 1229 1255 vehebantur
1253 1183 1411 1268 lintribus,

135 1289 157 1368 ξ
182 1290 239 1351 157
264 1288 452 1371 Velabrum,
479 1292 513 1353 ut
534 1286 615 1354 illud
636 1287 739 1353 mains
760 1286 802 1353 de
823 1307 885 1370 quo
907 1286 1146 1373 supradictum
1168 1294 1224 1355 est.
1289 1283 1410 1367 Aequi-

263 1389 393 1456 melium
408 1388 494 1471 qnod
510 1395 651 1470 aequata
665 1388 741 1456 Meli
763 1388 875 1456 domus
897 1389 1034 1475 publioe,
1058 1389 1411 1475 qgndmeguumoeu-
1433 1400 1463 1453 ro

263 1592 429 1659 Gallorum
451 1611 528 1658 ossa
549 1591 604 1674 qui
623 1591 833 1676 possederunt
854 1593 966 1660 urbem
991 1593 1036 1661 ibi
1062 1601 1251 1662 ooaoervata
1272 1612 1312 1659 ao
1334 1613 1409 1660 oon-

111 1707 142 1759 u>-
152 1707 189 1749 1⁶⁷
197 1706 253 1759 sir-¹)
262 1699 363 1780 septa.
400 1695 503 1762 Looua
525 1694 580 1776 qui
601 1698 732 1760 vooatur
754 1693 884 1760 Doliola
905 1696 946 1762 ad
963 1696 1114 1763 Cluaoam
1137 1715 1330 1779 maxumam,
1351 1693 1409 1759 ubi

144 1823 145 1826 ¹
224 1814 225 1817 ’
262 1817 326 1864 non
343 1796 418 1863 lieet
432 1795 598 1880 despuere,
620 1814 641 1861 a
662 1793 790 1861 doliolis
811 1795 872 1861 sub
893 1801 987 1864 terra.
1024 1800 1142 1865 Eorum
1165 1798 1248 1866 duae
1269 1795 1410 1863 traditae

262 1897 430 1981 historiae,
454 1895 540 1979 quod
562 1896 618 1962 alii
638 1895 746 1964 inesse
767 1896 856 1963 aiunt
878 1918 952 1965 ossa
974 1898 1184 1984 nadaverum,
1206 1899 1262 1966 alii
1282 1899 1409 1967 Numae
1430 1908 1475 1992 15*

261 1998 412 2084 Pompilii
439 1999 589 2083 religiosa
612 1996 769 2079 quaedam
791 2005 1019 2082 postmortem
1047 2001 1115 2068 eius
1142 2001 1271 2071 infossa.
1314 2000 1408 2085 Argi·

261 2100 361 2168 letum
383 2105 456 2166 sunt
478 2100 532 2185 qui
554 2101 746 2184 seripserunt
767 2101 809 2167 ab
824 2102 945 2184 Argola
964 2122 1023 2168 seu
1045 2101 1131 2185 quod
1153 2103 1181 2169 is
1203 2102 1265 2170 buo
1284 2100 1409 2170 venerit

261 2202 370 2285 ibique
385 2202 426 2269 sit
442 2204 595 2288 sepultus,
617 2203 673 2268 alii
688 2202 729 2267 ab
745 2202 869 2286 argilla,
892 2202 978 2285 quod
999 2203 1045 2270 ibi
1059 2203 1094 2271 id
1108 2221 1209 2285 genua
1230 2213 1335 2271 terrae
1356 2204 1407 2272 sit.

136 2302 156 2381 ξ
180 2305 239 2368 158
263 2303 369 2371 Olivos
386 2304 549 2371 Publicius
571 2305 612 2371 ab
636 2304 794 2371 aedilibus
815 2304 922 2388 plebei
943 2305 1086 2372 Publieis
1108 2306 1162 2388 qui
1184 2327 1256 2374 eum
1278 2305 1408 2392 publioe

110 2385 478 2474 ‘¹'·.¹⁶⁸S1’·¹'aedifiearunt.
513 2407 617 2474 Simili
632 2407 673 2472 do
689 2425 786 2473 eausa
800 2406 922 2473 Pullius
943 2413 975 2472 et
991 2408 1163 2474 Cosconius
1185 2410 1272 2490 quod
1293 2409 1336 2475 ab
1358 2408 1409 2474 his
1431 2419 1462 2471 ro

260 2508 399 2576 vioouris
428 2507 573 2575 dicuntur
601 2506 771 2575 aedificati.
815 2508 924 2576 Clivus
951 2509 1116 2593 proximus
1144 2530 1164 2574 a
1191 2510 1289 2577 Flora
1315 2529 1410 2578 susus

261 2629 373 2676 versus
388 2609 580 2694 Capitolium
602 2615 704 2693 vetus,
728 2607 879 2694 quodibi
902 2611 1056 2678 saeellum
1070 2611 1167 2694 Iovis,
1189 2612 1328 2696 Iunonis,
1349 2612 1407 2679 Mi-

259 2730 394 2793 nervae,
426 2715 458 2778 et
478 2710 513 2776 id
534 2710 696 2793 antiquius
725 2729 820 2793 quam
842 2710 932 2778 aedis
960 2733 1044 2797 quae
1070 2713 1103 2778 iu
1126 2712 1284 2798 Capitolio
1312 2715 1408 2780 faeta

259 2861 289 2916 id
306 2863 468 2917 vocabulum
480 2862 613 2933 ponendo
630 2866 694 2915 sunt
712 2867 780 2932 post
796 2861 928 2930 Hostilia,
955 2862 1008 2916 boo
1025 2870 1115 2917 autem
1139 2864 1199 2918 loeo
1216 2863 1298 2918 emb.
1315 2868 1408 2920 rostra

259 2947 333 3015 quod
350 2944 399 3001 ex'
419 2946 491 3016 LSp.
518 2978 552 2986 -
578 2951 594 3000 2
612 2950 767 3000 exterarum
784 2946 926 3001 nationum
943 2948 1059 3016 Bergk.
1078 2979 1112 2988 -
1137 2952 1151 3001 3
1169 2964 1268 3018 graeco
1287 2967 1361 3005 στασ
1378 2965 1406 3017 a,

258 3045 359 3114 gruem?
369 3032 521 3114 appellatus
530 3030 621 3110 *Stasis
644 3107 647 3115 Ι
668 3111 670 3116 .
689 3034 784 3116 aperte
795 3031 855 3118 (rio)
867 3032 900 3098 G,
909 3031 937 3116 is
949 3047 1047 3114 graeco
1089 3034 1272 3114 ..appellatus
1284 3034 1351 3113 27
1363 3041 1408 3091 est

259 3148 412 3218 appellatus
424 3148 485 3217 Vp.
498 3179 530 3186 -
549 3148 764 3216 lgraeoostasin
775 3148 859 3217 vulg.
871 3165 909 3204 ex
924 3150 956 3203 B.
970 3181 1000 3189 —
1021 3113 1111 3220 opima
1129 3151 1148 3205 f.
1175 3151 1407 3222 oonfissBeeke'r

258 3232 351 3302 Antiq.
370 3233 396 3301 I,
414 3235 533 3287 3111-
561 3235 577 3287 6
593 3232 703 3302 gerusia
727 3233 765 3302 G,
790 3233 903 3288 ierusia.
917 3235 1037 3289 ueteri.
1049 3279 1051 3282 ,
1065 3266 1098 3274 -
1126 3240 1141 3291 8
1158 3236 1304 3302 lintribusl
1317 3237 1406 3292 Lae·

257 3322 336 3386 tus,
346 3317 478 3372 lustribus
496 3317 750 3385 libri,.luntribus
758 3317 947 3373 Victorius.
967 3350 1000 3358 -
1018 3323 1219 3390 9snpra15-44.
1232 3325 1404 3393 p.17,16“sq.

257 3433 291 3442 -
304 3407 336 3456 10
348 3402 550 3472 aquatalibri
562 3406 690 3470 (aequata
701 3406 739 3472 p),
757 3417 828 3457 corr.
841 3401 1107 3459 Rbolandellus.
1125 3437 1160 3446 -
1177 3407 1403 3463 MeliiLaetus.

256 3517 291 3526 —
302 3487 420 3557 publice]
432 3487 562 3555 Aldus,
573 3487 752 3543 Mommsen
769 3487 861 3542 Herm.
871 3488 936 3558 Vp.
950 3492 999 3544 258
1012 3491 1075 3545 adn.
1086 3493 1111 3545 2.
1137 3491 1248 3562 publico
1265 3491 1357 3546 libri.
1370 3521 1405 3532 -

260 3571 717 3643 11is100nfiMadvigAdv.11p.
731 3571 998 3642 168,Reinp.6.-
1010 3575 1402 3647 lleonseptawonsitavulg.

257 3658 335 3726 ech,
354 3655 670 3726 candubrioppius.
687 3684 722 3696 -
741 3659 772 3710 13
784 3663 946 3723 maxumam]
955 3659 1099 3715 maximam
1111 3661 1210 3733 MVp.
1229 3692 1262 3700 —
1281 3664 1313 3714 16
1325 3676 1403 3730 argo-

256 3742 341 3798 letum
358 3743 458 3812 libri,
476 3758 548 3796 oorr.
561 3741 744 3797 Laetus—
763 3745 792 3795 11
806 3742 902 3810 angula
918 3760 946 3813 p.
964 3774 998 3783 —
1015 3751 1074 3811 seu]
1087 3763 1135 3802 sen
1147 3748 1221 3816 Argo
1234 3747 1403 3816 Scaliger,

257 3843 306 3881 seu
315 3827 418 3896 Agrola
426 3827 561 3895 Muller,
570 3825 606 3880 ab
617 3825 684 3895 Argi
692 3826 748 3881 leto
757 3826 830 3894 quod
840 3824 961 3883 Reiter
969 3846 997 3899 p.
1008 3833 1041 3883 92
1050 3847 1090 3901 sq.
1100 3832 1177 3902 conf.
1188 3833 1268 3887 etiam
1278 3832 1307 3888 0.
1317 3831 1350 3886 F.
1356 3831 1402 3886 W.

256 3911 385 3967 Mulier
401 3930 429 3983 p.
440 3915 498 3967 792.
512 3906 593 3983 ‘sort
607 3909 672 3965 det’
689 3910 759 3980 LSp.
778 3910 939 3966 vocobulum
955 3913 1071 3984 aliquod
1082 3918 1167 3973 latere
1178 3924 1252 3989 puto
1264 3918 1293 3972 ia
1304 3917 1332 3971 la
1344 3932 1401 3972 sen.

256 4025 289 4034 —
307 3997 529 4053 venitLaetus.
548 4026 583 4035 —
602 3998 633 4050 18
642 3994 687 4059 sit]
697 3995 894 4051 om.Laetua.
907 4028 941 4037 -
961 4003 992 4055 19
1002 3999 1150 4068 Publicius]
1163 4002 1290 4070 publicus
1301 4000 1402 4070 libri,

257 4093 331 4133 sorr.
350 4081 437 4150 vulg.
462 4113 496 4121 —
522 4080 669 4136 Publioieis
686 4081 775 4149 vulg.
793 4097 831 4136 ex
848 4082 872 4136 B
890 4083 1046 4152 (publioiis).
1064 4115 1098 4126 -
1116 4089 1149 4138 20
1166 4086 1276 4153 publius
1295 4086 1328 4155 G,
1349 4100 1401 4154 pu·

256 4162 310 4217 lius
327 4162 400 4234 MV,
418 4166 550 4222 Publilius
568 4165 687 4237 (publius
704 4165 738 4232 Β)
756 4165 831 4220 vicus
849 4171 878 4223 et
896 4168 1046 4224 Cosconius
1063 4171 1139 4225 vicus
1156 4170 1242 4238 vulg.
1262 4186 1300 4225 ex
1315 4171 1348 4224 B.
1368 4199 1402 4209 -

256 4251 288 4301 21
301 4263 449 4319 proxumus
463 4252 530 4308 GH.
542 4281 577 4293 -
588 4250 670 4307 floras
682 4266 748 4306 usus
765 4249 859 4321 libri,
881 4269 952 4308 corr.
969 4252 1147 4310 Victorius
1164 4258 1191 4307 et
1208 4253 1400 4310 Turnebus.
