3038 5048
176 284 266 323 mut
680 266 818 323 Praelatio.

177 444 274 502 horum
303 444 530 499 constructionem
559 452 720 516 expromeret,
754 442 828 519 quod
855 442 890 500 ad
918 443 1043 503 locorum
1071 454 1100 504 et
1129 456 1301 527 temporum
1325 465 1353 515 et

176 540 317 605 poetarum
339 528 471 584 rationem
494 526 666 593 translatum,
696 528 747 585 nisi
775 528 908 587 lectorum
930 530 1015 587 risum
1035 540 1152 607 captare
1175 538 1286 606 noluit,
1310 543 1352 599 vix

177 616 276 671 lactum
298 630 357 671 esso
379 613 483 669 credas.
505 614 543 669 sic
566 612 644 669 xt'ttt
668 621 789 671 tenemus
811 612 896 671 libros
917 612 958 672 vel
980 614 1054 680 xttt;
1086 632 1154 675 nam
1176 622 1350 698 singulam

178 702 302 773 primum,
324 699 371 772 qui
395 699 429 755 de
450 696 575 753 omnihus
603 696 785 772 praeferetur,
806 699 983 774 praemissum
1007 716 1069 758 esse
1097 710 1349 777 grammaticorum

177 784 335 839 testimoniis
357 792 384 839 ct
406 783 505 839 codicis
527 782 593 845 hdo,
625 782 723 858 quihus
745 784 792 858 qui
814 793 941 859 quartus,
964 783 987 838 V
1007 793 1065 849 est,
1097 789 1148 863 qui
1173 808 1290 862 nonus,
1316 797 1346 862 x,

175 876 293 925 conant.
335 877 363 924 at
384 878 441 925 orat
463 882 532 941 opus
554 866 622 921 XXV
644 865 784 924 librorum.
828 884 896 926 noua
925 868 1007 942 igitur
1033 868 1116 928 bexrs
1143 877 1261 941 addim,
1298 883 1347 940 nni

176 954 228 1009 iarn
242 951 312 1009 libro
327 950 393 1016 tttv,
417 968 472 1027 qno
488 951 591 1024 copiam
614 951 706 1009 tertiae
727 953 820 1027 partis,
843 954 976 1029 syntaxin,
998 953 1159 1025 illustraret,
1184 963 1276 1023 alium
1298 983 1346 1024 01·-

176 1038 265 1095 dinem
294 1044 403 1094 secutus
433 1036 520 1108 est.*)
552 1045 660 1109 poterat
691 1053 754 1094 vcro
777 1038 850 1113 quod
879 1039 905 1095 in
928 1039 1119 1115 antiquitatum
1139 1042 1224 1106 libris
1246 1051 1346 1110 lecim

178 1122 344 1195 Augustinus
373 1120 457 1178 refert
487 1121 565 1177 etiam
595 1121 637 1176 hic
664 1131 796 1196 repetere.
840 1140 932 1181 rerunt
954 1124 1132 1183 humanarum
1153 1144 1242 1193 erant
1263 1136 1344 1203 xxv,

177 1206 327 1263 diuinarum
349 1205 406 1264 xvt
427 1223 460 1264 ex
481 1204 672 1279 quadripartita
694 1208 797 1266 ratione
820 1207 974 1273 hominum,
995 1208 1136 1281 locurum,
1168 1226 1344 1296 temporum,

176 1306 283 1357 rerum;
311 1307 403 1347 cerum
425 1291 507 1362 igitur
528 1290 703 1347 humanarum

423 1391 470 1431 sex
491 1373 552 1431 libri
573 1375 607 1431 de
627 1374 795 1441 bominibus,
819 1379 866 1452 qui
888 1388 976 1453 agant,

424 1475 472 1516 sex
492 1457 553 1515 libri
574 1459 608 1515 de
629 1459 710 1522 locis,
734 1460 780 1517 ubi
802 1471 891 1536 agant.

423 1560 470 1601 sex
491 1543 552 1600 libri
574 1544 607 1600 de
628 1546 811 1619 temporibus.
834 1549 941 1622 quando
964 1557 1054 1623 agant,

423 1646 471 1686 sex
491 1628 554 1685 libri
576 1629 610 1687 de
631 1629 722 1690 rebus,
745 1632 810 1704 quid
832 1643 923 1706 agant.

176 1714 224 1772 scd
247 1730 331 1772 uuum
351 1713 512 1787 singularem
534 1715 581 1789 qui
602 1716 779 1773 communiter
801 1718 876 1791 prins
902 1718 935 1776 de
964 1717 1088 1777 omnibus
1116 1720 1285 1798 loqueretur
1313 1730 1342 1787 in

177 1800 264 1874 eapite
286 1799 387 1874 posuit.
416 1815 507 1856 rerum
529 1799 677 1856 divinarum
699 1809 777 1857 erant

423 1892 479 1941 tres
499 1881 560 1939 libri
583 1884 615 1941 de
637 1884 791 1941 hominibus
813 1887 859 1960 qui
882 1884 1021 1943 exhibeant
1041 1904 1125 1955 sacra,

423 1976 478 2025 tres
499 1967 559 2024 libri
583 1969 616 2025 de
636 1969 703 2026 locis
726 1967 772 2026 uhi
794 1969 942 2034 exhibeant,

423 2061 480 2110 tres
502 2052 563 2109 libri
585 2053 617 2110 de
639 2053 815 2128 temporibus,
838 2055 946 2128 quando
968 2054 1117 2122 exhibeant,

423 2147 480 2196 tres
499 2137 561 2195 libri
581 2138 614 2194 de
635 2140 726 2202 sacris,
749 2138 813 2212 quid
835 2136 989 2204 exhibeaut;

176 2222 225 2278 sed
247 2222 310 2297 quia
333 2223 477 2297 oportebat
497 2234 525 2282 et
544 2223 655 2280 maxime
676 2223 703 2279 id
725 2221 936 2295 exspectabatur,
964 2220 1091 2296 quibus
1113 2225 1278 2298 exhibeant,
1305 2237 1341 2295 (ιθ

177 2307 241 2382 ipsis
263 2324 374 2384 quoquc
396 2309 445 2366 diis
472 2319 527 2368 tres
552 2307 710 2380 conscripsit
737 2314 885 2369 extremos,
919 2314 950 2361 ut
977 2305 1118 2379 quinquies
1147 2311 1217 2363 terni
1247 2320 1342 2386 quin-

179 2394 264 2451 decim
294 2394 405 2460 fierent,
434 2412 518 2452 unum
540 2392 628 2451 ethis
650 2389 828 2463 singularem,
860 2389 907 2464 qui
928 2390 1003 2463 prius
1025 2389 1057 2445 de
1080 2389 1204 2446 omuibus
1227 2393 1340 2469 loque.

178 2487 263 2543 retur,
285 2480 420 2553 apposuit.
450 2487 527 2536 erant
540 2486 628 2535 autem
643 2491 736 2531 omnes
757 2473 795 2531 illi
817 2474 959 2550 quinquies
981 2474 1050 2532 terni
1071 2474 1168 2531 iterum
1189 2476 1336 2551 tripartiti,

177 2578 248 2635 quos
269 2571 300 2620 nt
321 2564 431 2620 eandem
453 2563 607 2620 divisionem
627 2559 758 2635 triplicem
779 2560 807 2616 in
828 2569 923 2618 nostro
945 2577 1057 2636 quoque
1077 2559 1110 2618 de
1131 2559 1224 2635 lingua
1246 2580 1338 2638 opere

176 2643 346 2703 observatam
368 2665 427 2705 esse
447 2657 590 2723 appareat,
612 2644 656 2703 bio
678 2646 835 2704 reseremus.

262 2731 343 2788 trium
365 2733 412 2808 qui
432 2733 466 2789 ad
488 2733 607 2789 homines
632 2733 769 2807 pertinent
795 2734 898 2807 primus
920 2733 953 2790 de
975 2731 1163 2808 pontificibus,
1193 2737 1337 2795 secundus

177 2813 211 2870 de
232 2815 391 2889 auguribus,
414 2817 509 2875 tertius
531 2817 563 2874 de
585 2817 830 2890 quindecimviris,

261 2900 343 2957 trium
364 2902 411 2976 qui
432 2903 465 2959 ad
486 2901 545 2959 loca
566 2903 702 2976 pertinent
722 2903 825 2977 primus
848 2904 880 2961 de
902 2901 1016 2968 sacellis,
1040 2902 1176 2959 secundus
1199 2901 1232 2958 de
1247 2907 1336 2963 saeris

177 2981 296 3048 aedibus,
322 2985 419 3043 tectim
440 2986 473 3045 de
494 2985 561 3044 locis
583 2986 724 3061 religiosis,

262 3069 344 3127 tuum
367 3071 414 3146 qui
434 3072 467 3129 ad
491 3081 610 3146 tempora
638 3073 775 3146 pertinent
801 3072 903 3146 primus
931 3072 964 3130 de
992 3071 1080 3136 seriis,
1114 3070 1183 3128 alter
1204 3071 1238 3129 de
1260 3071 1334 3131 ludis

179 3154 351 3220 circensibus,
375 3154 471 3214 entus
492 3158 525 3214 dc
546 3157 668 3222 scenicis,

264 3240 346 3298 trium
366 3242 413 3317 qui
434 3243 468 3299 ad
488 3258 562 3300 sacra
583 3244 722 3316 pertinent
742 3244 846 3317 primus
868 3243 902 3300 de
923 3240 1181 3306 consecrationibus,
1208 3238 1277 3298 alter
1299 3242 1334 3300 de

179 3325 260 3382 sacris
281 3325 399 3400 privatis,
422 3328 517 3385 tertins
539 3327 572 3384 de
594 3327 718 3402 publicis,

264 3412 345 3468 trium
366 3411 413 3486 qui
433 3413 466 3470 ad
489 3413 554 3471 deos
579 3415 716 3486 pertinent
742 3414 844 3487 primus
874 3412 906 3467 de
928 3410 978 3466 diis
1001 3413 1098 3477 certis,
1131 3412 1268 3470 sccundus
1299 3413 1332 3471 de
1389 3452 1392 3458 -

180 3496 303 3562 incertis,
325 3496 421 3553 tertius
443 3498 476 3555 de
497 3497 547 3554 diis
568 3499 719 3572 praecipuis
740 3506 821 3571 atque
843 3493 958 3551 selectis.

263 3581 330 3639 haee
342 3582 425 3656 igitur
439 3599 473 3640 ne
487 3583 514 3639 in
537 3589 631 3638 nostro
647 3583 754 3656 quidem
768 3596 851 3654 opere
866 3578 1022 3635 divisionem
1043 3582 1213 3655 tripartitam,
1237 3599 1333 3639 novem

178 3664 255 3723 libris
270 3665 478 3741 comprobatam,
501 3667 652 3725 aVarrone
668 3668 696 3722 in
712 3665 807 3721 ceteris
829 3661 981 3736 quindecim
1003 3664 1153 3736 neglectam
1175 3685 1233 3725 esse
1256 3667 1333 3723 evin-

180 3759 262 3816 cunt,
297 3761 324 3808 et
352 3753 575 3827 quemadmodum
602 3752 638 3808 ibi
668 3757 797 3824 quattuor
825 3746 902 3803 trinis
929 3743 1004 3802 libris
1026 3755 1081 3802 tres
1103 3750 1169 3806 alios
1192 3767 1277 3807 novos
1300 3753 1334 3809 de

180 3832 230 3889 diis
257 3834 387 3901 subiecit,
421 3837 459 3896 sie
485 3836 531 3893 hic
558 3835 645 3893 tribus
673 3834 743 3891 senis
772 3848 834 3890 enm
862 3848 909 3889 sex
935 3828 1001 3887 alios
1029 3830 1092 3886 item
1120 3832 1147 3887 in
1174 3831 1216 3888 his
1239 3843 1333 3894 ternos

182 3917 280 3976 divisos
302 3921 436 3980 addidisse
459 3921 602 3979 admodum
623 3918 762 3995 probabile
784 3926 835 3975 est.
872 3916 923 3973 Sed
946 3915 1080 3973 mittamus
1103 3915 1239 3990 deperdita
1262 3935 1333 3991 quae

181 4004 324 4070 nescimus,
349 4007 548 4065 consideremus
570 4023 638 4081 quae
660 4011 762 4062 servata
783 4010 811 4060 et
832 4003 888 4077 ipsa
911 4001 990 4060 dubia
1011 4008 1084 4059 sunt.

1248 4144 1335 4156 ,ὴ-

251 4217 276 4282 *)
295 4217 364 4275 conl.
382 4219 564 4273 Wllmanus
582 4220 614 4273 dc
631 4215 754 4272 Varronis
771 4216 844 4270 libris
862 4217 1033 4285 grammaticis
1050 4230 1077 4282 p.
1095 4215 1187 4280 20-2,
1206 4216 1246 4268 37.
