3038 5048
458 333 572 390 LIBER
589 332 781 390 SEPTIMUS.
816 334 892 401 luo.
912 336 955 388 m.
1221 327 1282 391 153

222 505 317 591 Apud
339 508 503 573 Plautum:
1307 502 1327 582 ἓ
1348 503 1390 567 93

290 608 417 688 Euan,
438 608 570 693 iurgio
594 602 753 694 [bernis]
775 623 939 673 uxorem
970 602 1132 723 tandem
1164 602 1285 688 abegi

138 810 230 876 Fuex
252 810 385 877 verbum
408 810 487 877 nihil
509 808 676 895 significat,
699 807 757 874 sed
780 807 937 875 effutitum
959 723 1229 892 natnarsllitilruzst,
1250 811 1286 874 ut

101 922 116 972 o
137 912 224 996 apud
246 912 397 979 Ennium:

1088 1008 1240 1092 Hebae,
1294 992 1439 1076 ‹nowen-¹)

291 1116 378 1202 lpse
400 1115 556 1201 clipeus
578 1111 753 1181 cecidit?

139 1216 235 1302 Apud
257 1217 406 1284 Ennium:

182 1318 249 1400 Eu,
272 1339 357 1386 mea
378 1319 529 1404 puella,
557 1312 595 1403 [e]
619 1335 687 1403 spe
710 1315 871 1398 quidem
898 1315 939 1381 id
967 1316 1170 1383 successit
1198 1316 1284 1384 tibi.

88 1430 117 1480 ro
138 1420 232 1504 Apud
254 1419 461 1504 Pompilium:

180 1520 278 1603 Heu,
300 1541 377 1605 qua
398 1542 456 1589 me
479 1540 615 1604 causa,
644 1521 824 1603 fortuna,
849 1518 1003 1586 infeste
1026 1518 1199 1602 premis?

138 1623 224 1704 quod
253 1623 300 1690 nit
328 1623 450 1709 Iurgio,
483 1622 517 1688 id
547 1629 596 1688 est
623 1621 748 1705 litibus;
782 1621 892 1704 itaque
923 1620 1038 1702 quibus
1071 1640 1124 1687 res
1158 1631 1227 1689 eret
1251 1624 1286 1689 in

137 1726 368 1809 controversia,
400 1745 440 1791 ee
469 1725 645 1791 vocabatur
667 1723 735 1806 Lis;
769 1722 843 1789 ideo
871 1723 904 1790 in
933 1723 1112 1791 actionibus
1138 1722 1285 1791 videmus

137 1825 201 1893 dici
224 1845 339 1909 quam
362 1845 444 1893 rem
466 1825 551 1891 sive
573 1823 770 1890 melitem
793 1824 930 1891 dicere
953 1831 1121 1909 oportet.
1157 1836 1441 1908 exquon·³⁷1sn·¹t

87 1938 116 1988 15
138 1927 214 1994 licet
235 1926 346 1995 videre
368 1929 500 2010 Iurgare
529 1945 599 1993 esse
621 1925 663 1992 ab
686 1927 754 1991 iure
776 1925 911 2009 dictum,
940 1945 1012 1992 oum
1035 1927 1106 2009 quis
1131 1929 1200 1993 iure
1222 1928 1284 1994 liti-

136 2033 242 2113 garet3
265 2030 306 2095 ab
330 2048 392 2111 quo
415 2027 572 2112 Obiurgat
592 2027 621 2093 is
644 2026 699 2108 qni
720 2025 755 2092 id
776 2026 854 2092 facit
875 2025 968 2092 iuste.

222 2128 317 2215 Apud
341 2129 511 2196 Lucilium:
1308 2129 1328 2208 ξ
1350 2128 1392 2191 94

180 2235 308 2314 Atque
329 2231 496 2317 aliquos
517 2229 575 2295 ibi
596 2230 646 2294 ub
668 2230 786 2297 rebus
809 2229 988 2312 clepsere
1010 2230 1096 2296 t'oro
1119 2231 1186 2311 qui

206 2505 345 2557 lusorem
363 2501 482 2565 tandem]
501 2500 669 2556 Varronis
686 2499 783 2567 libri,
801 2498 894 2554 hercle
910 2498 1021 2554 tandem
1038 2514 1151 2553 uxorem
1169 2498 1285 2554 Plauti

135 2586 209 2642 Men.
228 2603 253 2641 v.
273 2589 330 2640 111.
350 2615 383 2624 -
401 2585 480 2654 abegi
497 2600 515 2639 a
531 2583 625 2654 mnne]
644 2585 679 2639 ub
697 2585 772 2653 regia
789 2583 873 2639 iemuu
890 2582 923 2650 F,
944 2599 1017 2639 corr.
1036 2583 1145 2639 Aldus
1162 2583 1198 2638 ub
1214 2585 1284 2638 sori·

136 2672 200 2726 bens
224 2687 283 2726 cum
302 2669 398 2725 Plauti
418 2669 506 2725 libris.
534 2700 568 2709 -
594 2668 713 2725 lnichil
729 2670 761 2726 F.
784 2699 819 2707 —
843 2667 1000 2738 significans
1019 2665 1051 2723 G.
1078 2698 1112 2707 —
1138 2667 1284 2725 effutitium

136 2756 211 2826 GH,
235 2753 496 2812 Rbolendellus.
524 2784 558 2794 —
585 2758 600 2809 6
617 2757 706 2810 hohas
723 2755 755 2823 F,
782 2755 853 2808 hehe
871 2753 1006 2824 GMVp,
1032 2753 1108 2823 quod
1124 2754 1285 2810 vocobulum

135 2857 195 2895 oum
213 2857 349 2911 nusquam
367 2839 498 2895 traditum
515 2839 566 2906 sit,
585 2841 675 2894 hubae
697 2840 777 2895 scrib.
796 2854 855 2894 esse
872 2854 977 2894 censeo.
998 2842 1067 2910 post
1084 2837 1185 2895 cecidit
1201 2840 1284 2895 iuter-

135 2925 256 2995 roqaodi
280 2924 389 2997 cippum
410 2924 510 2997 posui,
536 2941 575 2980 ccc
592 2922 732 2978 comoedia
758 2923 869 2994 dempta
895 2939 953 2979 esse
979 2929 1057 2978 ratus
1084 2924 1143 2979 eius
1168 2923 1285 2979 bomim's

134 3010 216 3066 verba
234 3011 285 3081 qui
299 3008 392 3066 ridens
409 3010 491 3064 militi
505 3010 679 3080 respoudeat.
699 3009 780 3063 aliter
796 3007 962 3063 Ribbeck.
981 3011 1016 3062 tr.
1035 3007 1070 3063 fr.
1087 3008 1161 3064 Eun.
1179 3012 1238 3063 333.
1252 3039 1285 3048 -

136 3098 150 3149 8
169 3094 300 3160 Ennium]
316 3094 450 3152 Naeuium
473 3093 561 3162 vulg.
585 3109 623 3148 ex
638 3093 671 3148 B.
695 3095 796 3165 probat
817 3092 896 3148 Luc.
914 3092 1042 3148 Mhller
1063 3091 1163 3150 Philol.
1180 3092 1285 3148 XXXX

134 3195 161 3248 p.
182 3183 241 3249 102,
257 3196 364 3236 oermm
382 3178 420 3234 ud
437 3177 601 3233 comoediam
618 3180 751 3249 referens.
775 3208 810 3216 -
833 3183 848 3232 9
866 3183 911 3243 en]
928 3176 1089 3232 Ribbeck
1105 3182 1139 3233 tr.
1158 3178 1193 3232 fr.
1211 3177 1284 3232 Enn.

133 3280 159 3319 s.
178 3268 237 3331 402,
255 3267 312 3319 buu
329 3265 356 3332 b,
374 3267 429 3319 beu
446 3264 470 3318 F
489 3280 550 3318 oum
568 3264 674 3328 ceteris,
693 3264 764 3318 eheu
781 3263 866 3332 vulg.
893 3294 928 3302 —
954 3267 1045 3331 espe]
1060 3261 1170 3329 Ribb.‚
1194 3277 1243 3330 spe
1260 3259 1284 3314 F

134 3364 195 3402 cum
212 3349 283 3413 otiis,
302 3364 385 3419 saepe
401 3348 437 3417 Η,
455 3364 519 3418 sepe
536 3348 563 3416 b,
583 3347 643 3417 spei
660 3346 783 3402 Muller
804 3343 882 3418 ‘fort
901 3347 993 3417 specie
1010 3342 1046 3401 is'
1066 3346 1137 3415 LSp.
1157 3377 1191 3384 -
1208 3343 1284 3413 equi·

134 3431 205 3500 dom]
231 3433 348 3503 scripsi,
375 3432 446 3487 idem
466 3433 565 3489 suadet
588 3432 669 3487 Luc.
692 3432 833 3500 Mhller,
859 3432 968 3501 quidem
992 3430 1087 3485 libri.
1114 3430 1178 3485 licet
1202 3430 1285 3483 ctiam

135 3531 223 3585 quom.
242 3545 276 3555 —
293 3515 332 3584 id]
350 3516 375 3571 is
392 3516 479 3585 vulg.
498 3533 536 3571 cx
553 3517 585 3570 Β.
604 3517 634 3571 id
651 3517 759 3587 quidem
778 3517 807 3572 G.
826 3516 859 3571 F.
870 3515 1055 3570 W.Mhller
1071 3514 1180 3584 prosod.
1193 3512 1283 3568 Pluut.

133 3616 160 3669 p.
175 3603 233 3654 329.
253 3629 286 3638 -
305 3600 447 3665 successit]
465 3601 608 3669 Mhller,
627 3605 771 3656 succenset
788 3600 821 3669 F,
839 3600 978 3656 succensit
995 3599 1032 3665 H,
1049 3614 1194 3655 succensos
1210 3598 1237 3653 b.
1255 3628 1285 3637 -

136 3690 166 3740 10
184 3682 357 3754 Pompilium]
376 3683 451 3754 conf.
471 3684 584 3741 Fovet
600 3685 695 3742 Revue
712 3686 747 3740 do
763 3685 830 3755 phil.
843 3685 896 3740 VH
913 3687 1000 3750 (1883)
1018 3700 1045 3753 p.
1063 3688 1121 3738 193.
1139 3712 1173 3720 -
1193 3686 1222 3736 11
1241 3680 1284 3734 in·

133 3768 205 3825 feste
222 3769 255 3836 Β,
273 3768 389 3823 Aldus.
406 3798 441 3807 -
456 3769 559 3837 promis
571 3769 629 3839 Fp.
648 3800 681 3808 -
701 3773 732 3822 13
745 3775 787 3834 ou]
800 3771 899 3841 eth.
918 3799 951 3808 -
971 3771 1003 3824 14
1014 3784 1057 3823 me
1068 3767 1153 3832 litem]
1163 3765 1283 3823 Victo·

133 3855 222 3922 rius,
240 3853 278 3907 mi
294 3853 370 3908 litem
384 3852 413 3907 0.
423 3851 456 3907 F.
467 3853 511 3908 W.
524 3853 654 3909 Muller
670 3870 761 3924 progr.
773 3870 861 3924 gymn.
875 3855 965 3909 Berol.
980 3857 1045 3909 1871
1063 3870 1091 3923 p.
1107 3856 1147 3921 16,
1165 3851 1286 3906 Reiter

134 3956 161 4008 p.
180 3945 212 3994 91
232 3939 295 3994 adn.
315 3942 340 4006 3,
364 3937 477 3993 militem
495 3939 518 3993 F
537 3955 597 3993 cum
615 3939 726 4003 ceteris,
753 3937 828 3993 litem
851 3939 967 3995 Aldus.
994 3934 1073 4008 ‘fort
1093 3938 1149 3993 siue
1171 3934 1283 3992 stlitem’

134 4023 206 4094 LSp.
225 4054 259 4064 —
279 4025 311 4076 16
324 4022 474 4091 obiurgatio
486 4023 510 4078 is
521 4023 625 4093 FVup
639 4022 697 4088 (sed
708 4023 736 4077 m
749 4023 773 4077 F
785 4022 872 4078 deleto
882 4023 1033 4094 priumie),
1051 4021 1210 4090 obiurgatus
1221 4020 1245 4076 is
1257 4020 1284 4075 b.

135 4138 168 4147 -
186 4107 254 4163 lucit
265 4107 293 4160 id
305 4123 331 4161 e.
349 4137 384 4146 —
400 4107 501 4162 iniusto
514 4108 642 4163 Christ.
660 4137 695 4147 -
715 4113 744 4162 11
757 4107 903 4177 Lucilium]
915 4107 1060 4162 lucretium
1071 4107 1103 4175 F,
1116 4123 1187 4161 corr.
1197 4105 1284 4161 Ver·

134 4193 287 4259 trunius,
309 4191 476 4259 Scaliger.
502 4222 534 4231 -
558 4196 589 4247 18
608 4193 732 4263 obliquos
747 4208 802 4265 pro
820 4193 924 4260 sliquos
942 4191 976 4247 V.
997 4221 1028 4231 —
1051 4191 1100 4257 ibi]
1116 4191 1180 4247 ibus
1198 4191 1284 4247 Sce-

134 4277 239 4346 liger,
258 4275 336 4331 Luc.
349 4276 476 4331 Mulier
487 4276 575 4332 Lucil.
593 4276 612 4331 l.
624 4277 679 4332 inc.
693 4281 752 4332 114.
770 4307 803 4318 -
821 4278 931 4333 erebus
943 4292 968 4333 u.
987 4306 1020 4316 -
1039 4277 1191 4347 clepessere
1204 4276 1238 4331 IL
1251 4305 1285 4316 -
