3038 5048
474 334 588 395 LIBER
606 333 795 395 SEPTIMUS.
831 341 848 407 ξ
866 342 890 392 3.
910 342 934 393 4.
1221 335 1280 398 115

137 517 340 595 experrectus
361 532 383 577 a
404 511 512 577 multis
533 533 597 579 non
619 518 837 597 cognoscatur,
860 510 918 578 sed
940 511 1036 578 etiam
1052 513 1177 578 Teucer
1196 512 1281 578 Livii
1291 526 1435 580 (rma-¹)

137 621 210 699 post
231 634 332 680 annos
353 612 415 680 XV
437 613 479 679 ab
502 612 568 680 suis
598 614 653 698 qui
682 614 723 679 sit
752 613 922 698 ignoretur.
967 613 1012 677 At
1041 613 1103 680 hoc
1133 613 1209 696 quid
1239 614 1282 681 ad

136 714 307 782 verborum
337 715 533 799 poeticorum
564 716 728 783 aetatem?
763 735 897 798 quorum
924 713 953 781 si
983 715 1120 800 Pompili
1149 735 1282 798 regnum

136 816 208 884 fons
237 817 270 882 in
300 818 492 884 carminibus
524 818 684 885 Saliorum
713 837 817 902 neque
847 838 887 884 ea
915 817 957 882 ab
987 816 1202 901 superioribus
1231 839 1281 885 ac

107 923 247 1002 scepta,
280 923 387 986 tamen
417 920 537 987 habent
559 919 643 986 Dec
672 940 782 987 annos.
827 918 933 998 Quare
961 940 1017 985 cur
1045 920 1206 1004 scriptoris
1236 920 1282 986 in-

138 1020 293 1087 dustriam
316 1022 530 1105 reprehendas
546 1023 602 1106 qui
617 1024 722 1088 herois
737 1023 898 1106 tritavum,
921 1028 1051 1088 atavum
1065 1043 1129 1088 non
1144 1022 1283 1107 potnerit

137 1124 288 1208 reperire,
311 1144 382 1189 cum
405 1124 475 1209 ipse
496 1124 543 1189 tui
564 1125 673 1190 tritavi
696 1133 828 1191 matrem
845 1124 952 1192 dicere
966 1145 1029 1190 non
1044 1124 1172 1210 possis?
1195 1123 1435 1206 quoditiano

137 1225 340 1292 intervallum
364 1228 464 1292 multo
486 1234 575 1315 tanto
604 1227 735 1312 propius
764 1246 842 1309 nos,
875 1245 971 1308 quarn
996 1227 1071 1293 hino
1092 1226 1136 1292 ad
1158 1226 1282 1293 initium

138 1326 315 1410 Saliorum,
338 1346 400 1409 quo
424 1329 638 1395 Romanorum
660 1330 763 1415 prima
784 1329 884 1394 verba
905 1329 1032 1412 poetica
1054 1330 1162 1394 dicunt
1189 1329 1281 1391 elata.

87 1440 115 1490 1⁰
135 1429 236 1508 Igitur
264 1428 305 1495 de
337 1428 512 1512 originibus
541 1431 710 1497 verborum
741 1430 796 1513 qui
831 1432 932 1496 multa
959 1429 1078 1496 dixerit
1106 1431 1282 1516 commode,
1305 1432 1325 1512 ξ
1348 1437 1367 1495 4

137 1531 243 1615 potius
267 1531 342 1597 boni
363 1533 608 1615 consulendum,
643 1553 738 1616 quam
761 1532 816 1615 qui
838 1532 960 1615 aliquid
989 1532 1147 1615 nequierit
1176 1553 1281 1618 repre·

137 1632 357 1714 hendendum,
385 1637 572 1719 praesertim
596 1655 691 1718 quom
714 1635 800 1702 dicat
822 1634 1034 1720 etymologice
1056 1655 1120 1701 non
1142 1637 1282 1701 omnium

136 1737 307 1803 verborum
329 1756 425 1821 posse
448 1737 512 1803 diei
533 1757 678 1821 causam,
713 1744 746 1803 ut
775 1737 829 1819 qui
860 1755 1005 1822 quaeque
1033 1758 1086 1803 res
1114 1738 1219 1801 vulcat
1240 1737 1283 1804 ad

137 1837 347 1925 medendum,
379 1839 552 1924 medicina,
584 1859 688 1922 neque
717 1839 746 1905 si
774 1860 837 1906 non
864 1840 967 1906 norim
996 1839 1122 1906 radices
1150 1842 1283 1925 arboris,
1292 1855 1323 1906 tn·
1332 1852 1434 1906 utili-¹³

221 2005 245 2060 F
263 2006 310 2061 fol
331 2010 363 2062 12
380 2006 543 2077 praesertim
560 2047 567 2062 .
587 2046 594 2061 .
613 2045 621 2061 .
638 2005 774 2062 ridentur.

137 2158 399 2215 Reifferscheid
425 2160 506 2215 Anal.
532 2160 628 2216 Horat.
652 2179 679 2231 p.
698 2165 722 2228 5,
751 2138 858 2231 epdsF
881 2159 931 2214 sed
952 2166 978 2214 et
1000 2177 1056 2231 pro
1074 2178 1090 2216 e
1111 2163 1284 2232 paenultima

138 2243 229 2298 littera
248 2261 263 2300 o
283 2245 338 2316 lapi
355 2252 449 2317 polest
466 2263 552 2316 neque
569 2246 603 2300 de
620 2263 653 2302 ea
671 2263 741 2316 quac
758 2262 845 2316 snpra
863 2246 967 2316 scripta
985 2250 1025 2300 est
1042 2263 1124 2300 maara
1146 2263 1191 2317 pr.
1209 2255 1283 2302 cerlo

138 2336 246 2384 constat
269 2331 360 2397 (Keil),
384 2330 597 2401 Lapamarsim'o
619 2349 664 2402 ap.
688 2329 799 2385 Laclam.
818 2345 974 2401 suprascr.
1000 2330 1141 2384 videbatur
1164 2346 1222 2386 esse
1244 2348 1284 2399 ως

137 2415 166 2468 ia
188 2415 212 2470 F
230 2418 362 2487 seriptum
380 2432 439 2471 essa
457 2432 516 2472 cres
529 2432 585 2487 per
602 2433 721 2470 errorem
741 2417 841 2486 opinor
859 2419 974 2470 testatur
994 2415 1095 2480 Gradu
1112 2433 1178 2487 opes
1194 2417 1286 2485 Vhp,

138 2485 204 2588 cpias
222 2536 248 2586 a,
266 2537 318 2573 ane.
337 2518 455 2574 ceteri.
473 2535 550 2573 meus
567 2518 699 2573 Lachm.
722 2519 758 2574 ad
776 2517 858 2572 Lucr.
877 2534 903 2586 p.
924 2522 982 2572 390.
1002 2549 1035 2556 —
1054 2522 1069 2571 2
1087 2521 1168 2588 postu
1187 2521 1282 2573 annosi

136 2604 186 2660 ΧΠ
205 2604 237 2672 F,
260 2604 346 2660 coluit
363 2620 429 2673 erpo
447 2603 576 2658 librarios
592 2607 656 2673 post
672 2603 723 2658 XV
740 2620 839 2670 annos3
867 2605 894 2656 in
913 2603 1009 2658 celeris
1031 2603 1135 2656 nullam
1154 2604 1212 2657 eius
1230 2610 1285 2657 tra-

136 2688 261 2743 iectionis
288 2688 438 2759 aeslipiam.
466 2704 607 2742 neumarum
633 2689 714 2742 istam
740 2689 789 2743 alii
812 2695 843 2742 at
866 2689 910 2755 M,
936 2687 1064 2743 Laetus
1097 2687 1167 2742 analc
1195 2688 1285 2759 expli·

138 2773 330 2828 cucrnntXII.
349 2804 382 2814 -
400 2773 505 2828 adhoc
523 2773 558 2841 F,
575 2790 646 2828 corr.
665 2774 752 2844 vulg.
780 2805 812 2812 -
840 2778 855 2828 3
872 2773 996 2845 pompilii
1014 2772 1117 2841 GMe,
1145 2774 1283 2828 Laetus.

137 2889 170 2897 —
190 2864 205 2914 5
224 2864 283 2923 cur]
295 2858 440 2927 querGH.
460 2890 492 2898 —
511 2862 526 2912 6
544 2858 644 2923 herois]
664 2859 764 2914 erroris
774 2859 821 2927 11¹,
839 2859 928 2914 verbis
947 2858 1083 2926 Madvig
1100 2858 1284 2925 scamma.

137 2974 171 2982 -
188 2939 264 3014 ‘fort
284 2949 335 3000 sut
352 2939 473 2999 atavum’
492 2945 563 3014 LSp.
582 2944 634 2999 dcl.
654 2944 707 3000 aid.
724 2944 861 3000 tritavum.
880 2975 913 2983 -
933 2949 947 2998 ‘l
966 2945 1016 3008 tui]
1028 2944 1117 3012 vulg.
1131 2944 1154 2997 F
1166 2944 1284 3012 (Groth),

138 3028 209 3082 riilril
230 3030 335 3084 notavit
360 3028 436 3094 Keil,
464 3028 513 3085 aui
531 3029 650 3084 ceteri.
678 3061 709 3068 -
736 3028 830 3084 tritavi
857 3031 899 3084 tui
924 3029 1038 3098 Bergk
1064 3029 1187 3083 Prooem.
1214 3033 1283 3084 aest.

138 3113 200 3168 Hal.
222 3117 286 3168 1863
304 3130 332 3182 p.
343 3113 403 3168 VH.
423 3144 456 3153 —
473 3114 566 3170 dicere
583 3131 634 3168 om.
653 3132 678 3169 a.
698 3143 732 3153 -
749 3130 805 3169 non
821 3114 911 3183 possis
929 3113 1020 3168 dicere
1036 3113 1075 3183 M,
1092 3113 1233 3169 Laetus.
1252 3144 1285 3152 -

139 3201 153 3253 8
171 3199 258 3253 multo
276 3215 328 3252 cm.
346 3198 380 3254 (i.
407 3230 440 3239 -
467 3203 545 3255 tanto
565 3215 615 3253 ont.
635 3215 665 3266 a,
684 3200 913 3267 Augustinus.
947 3194 1021 3260 ‘sart
1040 3191 1145 3253 tamen'
1162 3198 1233 3268 LSp.
1252 3227 1286 3237 -

138 3283 217 3338 nobis
233 3283 375 3339 Laetus.
404 3315 436 3323 -
463 3290 479 3339 9
498 3284 594 3339 dicunt
611 3301 661 3338 orn.
680 3301 698 3339 a
714 3285 746 3348 B,
773 3285 903 3339 dicuntur
920 3282 1009 3350 vulg.
1033 3283 1128 3336 dicunt
1151 3282 1286 3337 contineri

140 3369 293 3424 Grsuert
315 3371 415 3424 Annsl.
440 3371 508 3440 phil.
526 3368 561 3437 X,
582 3373 622 3424 19.
650 3400 680 3407 —
709 3369 791 3433 elato]
814 3369 916 3440 scripsi
940 3367 989 3436 (ef.
1006 3366 1046 3420 IX
1064 3369 1080 3432 ξ
1098 3373 1150 3435 76),
1176 3368 1286 3436 prolata

139 3453 281 3521 Mulier,
308 3454 396 3508 latina
412 3455 505 3509 libri.
529 3455 611 3508 ctiam
628 3454 691 3523 LSp
710 3454 774 3507 olim
792 3454 865 3509 elata
882 3452 925 3508 oei
940 3457 1007 3507 nata
1023 3452 1170 3506 coniecisse
1186 3451 1285 3507 inverti.

138 3569 171 3577 —
190 3554 305 3607 quorum
322 3538 460 3609 principia
476 3539 585 3608 poetica
601 3540 685 3594 verba
697 3540 811 3593 ducunt.
830 3539 914 3607 igitur
926 3536 1122 3607 Scioppius.
1140 3567 1174 3575 -
1194 3541 1223 3590 11
1237 3553 1286 3592 ne-

139 3623 256 3693 quiverit
274 3624 408 3678 Lsetus.
429 3653 461 3661 —
482 3626 513 3692 12
531 3628 621 3692 quem]
634 3633 687 3692 quo
700 3624 723 3677 F
736 3624 821 3693 (qnod
832 3622 1021 3693 compendium
1039 3621 1105 3677 alibi
1122 3638 1177 3675 reon
1195 3620 1285 3684 hahet)

137 3708 237 3778 MVp,
256 3724 319 3762 eum
336 3709 457 3763 ceteri.
483 3739 515 3747 —
543 3709 731 3776 ethimologice
749 3709 781 3764 F.
808 3740 840 3748 —
870 3711 901 3762 13
920 3708 1040 3774 causum]
1060 3706 1132 3776 LSp‚
1151 3721 1236 3760 eausa
1253 3705 1285 3774 F,

139 3808 237 3848 causas
255 3793 375 3849 Aldus.
394 3792 472 3863 conf.
490 3793 628 3863 Madvig
644 3794 713 3850 Adr.
732 3793 768 3862 II,
788 3796 845 3847 172.
869 3823 902 3832 -
929 3791 977 3861 qui
994 3807 1117 3860 quaeque
1134 3806 1178 3844 res
1196 3790 1287 3845 valeat

139 3879 183 3945 ad]
202 3879 317 3950 scripsi,
343 3878 390 3948 qui
407 3895 425 3933 a
442 3894 527 3947 quaro
552 3895 597 3933 res
615 3896 658 3934 u.
680 3920 686 3932 .
706 3921 712 3933 .
733 3919 739 3931 .
758 3878 835 3933 adF
863 3894 923 3932 cam
948 3892 1049 3930 rasura
1078 3870 1198 3946 l‘seplem
1223 3875 1287 3946 fere

139 3959 306 4018 litterarnm’
327 3963 433 4031 (iroth),
460 3964 488 4016 in
506 3980 561 4034 qna
579 3963 655 4033 quod
671 3963 682 4016 l
699 3963 805 4018 litterae
818 3979 890 4034 pars
906 3967 1039 4034 apparet,
1061 3955 1111 4014 ‘aar
1129 3953 1286 4015 ualereuti’

139 4049 269 4120 ascripsit
291 4048 384 4115 Kei13
411 4049 473 4101 ilem
500 4047 554 4101 nisi
575 4041 651 4117 qaod
673 4064 787 4102 ananam
810 4049 929 4118 spatium
952 4046 1024 4100 inter
1041 4062 1060 4100 u
1082 4051 1109 4099 et
1126 4046 1163 4100 ad
1179 4045 1238 4116 Vp.
1257 4046 1286 4100 in

140 4136 235 4188 ceteris
253 4133 357 4187 ranllmn
375 4133 491 4187 lacunae
508 4133 657 4201 aeslipium.
676 4125 755 4202 ‘sort
774 4136 805 4187 ut
822 4148 840 4186 a
857 4148 911 4200 qua
928 4147 958 4185 re
974 4147 1020 4187 res
1039 4130 1128 4186 valida
1145 4127 1193 4186 ad‘
1213 4131 1285 4202 LSp.

142 4221 172 4271 14
189 4218 335 4285 medicina]
359 4217 417 4272 scil.
437 4217 505 4271 dicit
527 4233 583 4271 non
606 4232 688 4285 posse
711 4217 767 4271 diei
790 4232 901 4272 causam
924 4216 977 4269 nisi
995 4215 1077 4271 scrib.
1094 4216 1124 4271 in
1141 4215 1284 4272 medicina.

141 4332 172 4340 —
190 4303 264 4358 neris
283 4303 419 4356 Laetus.

1047 4388 1083 4441 8*
