<?xml version="1.0" encoding="UTF-8"?>
<!DOCTYPE html PUBLIC "-//W3C//DTD XHTML 1.0 Transitional//EN"
    "http://www.w3.org/TR/xhtml1/DTD/xhtml1-transitional.dtd">
<html xmlns="http://www.w3.org/1999/xhtml" xml:lang="en" lang="en">
 <head>
  <title>
</title>
<meta http-equiv="Content-Type" content="text/html;charset=utf-8" />
  <meta name='ocr-system' content='tesseract 3.04.00' />
  <meta name='ocr-capabilities' content='ocr_page ocr_carea ocr_par ocr_line ocrx_word'/>
</head>
<body>
  <div class='ocr_page' id='page_1' title='image "./mterentivarroni00varrgoog_0180.png"; bbox 0 0 3038 5048; ppageno 0'>
   <div class='ocr_carea' id='block_1_1' title="bbox 474 323 1317 400">
    <p class='ocr_par' dir='ltr' id='par_1_1' title="bbox 474 323 1317 400">
     <span class='ocr_line' id='line_1_1' title="bbox 474 323 1317 400; baseline 0.007 -15"><span class='ocrx_word' id='word_1_1' title='bbox 474 323 478 337; x_wconf 85' lang='lat'>&#39;</span> <span class='ocrx_word' id='word_1_2' title='bbox 503 330 618 385; x_wconf 86' lang='lat' dir='ltr'>LIBER</span> <span class='ocrx_word' id='word_1_3' title='bbox 635 331 785 388; x_wconf 84' lang='lat' dir='ltr'>SEXTUS.</span> <span class='ocrx_word' id='word_1_4' title='bbox 821 334 966 400; x_wconf 77' lang='lat' dir='ltr'><strong>§lu—21.</strong></span> <span class='ocrx_word' id='word_1_5' title='bbox 1276 331 1317 391; x_wconf 81' lang='lat'><strong>79</strong></span> 
     </span>
    </p>
   </div>
   <div class='ocr_carea' id='block_1_2' title="bbox 170 500 1425 792">
    <p class='ocr_par' dir='ltr' id='par_1_2' title="bbox 170 500 1425 792">
     <span class='ocr_line' id='line_1_2' title="bbox 170 500 1319 586; baseline 0.001 -19"><span class='ocrx_word' id='word_1_6' title='bbox 170 505 269 567; x_wconf 68' lang='lat' dir='ltr'><strong>unae</strong></span> <span class='ocrx_word' id='word_1_7' title='bbox 290 501 472 586; x_wconf 88' lang='lat' dir='ltr'><strong>appellatus</strong></span> <span class='ocrx_word' id='word_1_8' title='bbox 493 503 536 568; x_wconf 92' lang='lat' dir='ltr'><strong>ab</strong></span> <span class='ocrx_word' id='word_1_9' title='bbox 559 501 672 570; x_wconf 82' lang='lat' dir='ltr'><strong>Servio</strong></span> <span class='ocrx_word' id='word_1_10' title='bbox 689 503 796 570; x_wconf 83' lang='lat' dir='ltr'><strong>Tullio</strong></span> <span class='ocrx_word' id='word_1_11' title='bbox 817 522 903 586; x_wconf 83' lang='lat' dir='ltr'><strong>rege,</strong></span> <span class='ocrx_word' id='word_1_12' title='bbox 925 500 1012 584; x_wconf 87' lang='lat' dir='ltr'><strong>quod</strong></span> <span class='ocrx_word' id='word_1_13' title='bbox 1032 501 1062 568; x_wconf 87' lang='lat' dir='ltr'><strong>is</strong></span> <span class='ocrx_word' id='word_1_14' title='bbox 1083 501 1192 569; x_wconf 84' lang='lat' dir='ltr'><strong>tanum</strong></span> <span class='ocrx_word' id='word_1_15' title='bbox 1212 501 1319 570; x_wconf 86' lang='lat' dir='ltr'><strong>Fortis</strong></span> 
     </span>
     <span class='ocr_line' id='line_1_3' title="bbox 171 601 1320 672; baseline 0.001 -3"><span class='ocrx_word' id='word_1_16' title='bbox 171 601 334 671; x_wconf 78' lang='lat' dir='ltr'><strong>Fortunae</strong></span> <span class='ocrx_word' id='word_1_17' title='bbox 362 602 535 670; x_wconf 87' lang='lat' dir='ltr'><strong>secundum</strong></span> <span class='ocrx_word' id='word_1_18' title='bbox 563 603 705 671; x_wconf 79' lang='lat' dir='ltr'><strong>Tiberim</strong></span> <span class='ocrx_word' id='word_1_19' title='bbox 734 610 826 671; x_wconf 86' lang='lat' dir='ltr'><strong>extra</strong></span> <span class='ocrx_word' id='word_1_20' title='bbox 853 605 965 672; x_wconf 89' lang='lat' dir='ltr'><strong>urbem</strong></span> <span class='ocrx_word' id='word_1_21' title='bbox 993 605 1129 671; x_wconf 86' lang='lat' dir='ltr'><strong>Romam</strong></span> <span class='ocrx_word' id='word_1_22' title='bbox 1157 601 1320 671; x_wconf 85' lang='lat' dir='ltr'><strong>dedicavit</strong></span> 
     </span>
     <span class='ocr_line' id='line_1_4' title="bbox 170 703 1425 792; baseline 0.001 -21"><span class='ocrx_word' id='word_1_23' title='bbox 170 703 264 772; x_wconf 90' lang='lat' dir='ltr'><strong>Iunio</strong></span> <span class='ocrx_word' id='word_1_24' title='bbox 279 725 397 773; x_wconf 91' lang='lat' dir='ltr'><strong>mense.</strong></span> <span class='ocrx_word' id='word_1_25' title='bbox 459 706 538 774; x_wconf 91' lang='lat' dir='ltr'><strong>Dies</strong></span> <span class='ocrx_word' id='word_1_26' title='bbox 552 707 735 792; x_wconf 80' lang='lat' dir='ltr'><strong>Poplifugia</strong></span> <span class='ocrx_word' id='word_1_27' title='bbox 748 705 876 774; x_wconf 88' lang='lat' dir='ltr'><strong>videtur</strong></span> <span class='ocrx_word' id='word_1_28' title='bbox 889 705 1079 791; x_wconf 89' lang='lat' dir='ltr'><strong>nominatus,</strong></span> <span class='ocrx_word' id='word_1_29' title='bbox 1100 706 1186 789; x_wconf 91' lang='lat' dir='ltr'><strong>qnod</strong></span> <span class='ocrx_word' id='word_1_30' title='bbox 1208 705 1321 775; x_wconf 88' lang='lat' dir='ltr'><strong>codic</strong></span> <span class='ocrx_word' id='word_1_31' title='bbox 1342 710 1363 789; x_wconf 69' lang='grc' dir='ltr'>ξ</span> <span class='ocrx_word' id='word_1_32' title='bbox 1386 709 1425 772; x_wconf 89' lang='grc'><strong>18</strong></span> 
     </span>
    </p>
   </div>
   <div class='ocr_carea' id='block_1_3' title="bbox 120 807 1475 2940">
    <p class='ocr_par' dir='ltr' id='par_1_3' title="bbox 140 807 1321 1404">
     <span class='ocr_line' id='line_1_5' title="bbox 172 807 1321 895; baseline 0.001 -20"><span class='ocrx_word' id='word_1_33' title='bbox 172 807 311 875; x_wconf 81' lang='lat' dir='ltr'><strong>tumultu</strong></span> <span class='ocrx_word' id='word_1_34' title='bbox 326 813 457 895; x_wconf 89' lang='lat' dir='ltr'><strong>repente</strong></span> <span class='ocrx_word' id='word_1_35' title='bbox 471 808 590 890; x_wconf 83' lang='lat' dir='ltr'><strong>fugerit</strong></span> <span class='ocrx_word' id='word_1_36' title='bbox 607 810 759 894; x_wconf 72' lang='lat' dir='ltr'><strong>populus,</strong></span> <span class='ocrx_word' id='word_1_37' title='bbox 780 830 843 876; x_wconf 92' lang='lat' dir='ltr'><strong>non</strong></span> <span class='ocrx_word' id='word_1_38' title='bbox 865 808 964 876; x_wconf 92' lang='lat' dir='ltr'><strong>multo</strong></span> <span class='ocrx_word' id='word_1_39' title='bbox 979 810 1064 876; x_wconf 90' lang='lat' dir='ltr'><strong>enim</strong></span> <span class='ocrx_word' id='word_1_40' title='bbox 1083 815 1157 894; x_wconf 91' lang='lat' dir='ltr'><strong>post</strong></span> <span class='ocrx_word' id='word_1_41' title='bbox 1177 808 1229 874; x_wconf 90' lang='lat' dir='ltr'><strong>hic</strong></span> <span class='ocrx_word' id='word_1_42' title='bbox 1251 808 1321 876; x_wconf 91' lang='lat' dir='ltr'><strong>dics</strong></span> 
     </span>
     <span class='ocr_line' id='line_1_6' title="bbox 140 909 1320 996; baseline 0.001 -21"><span class='ocrx_word' id='word_1_43' title='bbox 140 925 271 995; x_wconf 77' lang='lat' dir='ltr'><strong>squam</strong></span> <span class='ocrx_word' id='word_1_44' title='bbox 285 909 436 978; x_wconf 89' lang='lat' dir='ltr'><strong>decessus</strong></span> <span class='ocrx_word' id='word_1_45' title='bbox 452 910 617 978; x_wconf 81' lang='lat' dir='ltr'><strong>Gallorum</strong></span> <span class='ocrx_word' id='word_1_46' title='bbox 632 932 673 978; x_wconf 84' lang='lat' dir='ltr'><strong>ex</strong></span> <span class='ocrx_word' id='word_1_47' title='bbox 688 912 777 996; x_wconf 91' lang='lat' dir='ltr'><strong>urbe,</strong></span> <span class='ocrx_word' id='word_1_48' title='bbox 800 917 832 979; x_wconf 91' lang='lat' dir='ltr'><strong>et</strong></span> <span class='ocrx_word' id='word_1_49' title='bbox 854 911 909 994; x_wconf 88' lang='lat' dir='ltr'><strong>qui</strong></span> <span class='ocrx_word' id='word_1_50' title='bbox 930 918 996 976; x_wconf 92' lang='lat' dir='ltr'><strong>tum</strong></span> <span class='ocrx_word' id='word_1_51' title='bbox 1018 911 1078 978; x_wconf 89' lang='lat' dir='ltr'><strong>sub</strong></span> <span class='ocrx_word' id='word_1_52' title='bbox 1099 911 1178 979; x_wconf 90' lang='lat' dir='ltr'><strong>urbe</strong></span> <span class='ocrx_word' id='word_1_53' title='bbox 1200 912 1320 996; x_wconf 94' lang='lat' dir='ltr'><strong>populi,</strong></span> 
     </span>
     <span class='ocr_line' id='line_1_7' title="bbox 172 1011 1320 1096; baseline 0.002 -19"><span class='ocrx_word' id='word_1_54' title='bbox 172 1015 210 1077; x_wconf 90' lang='lat' dir='ltr'><strong>ut</strong></span> <span class='ocrx_word' id='word_1_55' title='bbox 222 1011 405 1079; x_wconf 78' lang='lat' dir='ltr'><strong>Ficuleates</strong></span> <span class='ocrx_word' id='word_1_56' title='bbox 425 1033 465 1079; x_wconf 92' lang='lat' dir='ltr'><strong>ac</strong></span> <span class='ocrx_word' id='word_1_57' title='bbox 483 1011 657 1081; x_wconf 81' lang='lat' dir='ltr'><strong>Fidenates</strong></span> <span class='ocrx_word' id='word_1_58' title='bbox 679 1020 712 1081; x_wconf 88' lang='lat' dir='ltr'><strong>et</strong></span> <span class='ocrx_word' id='word_1_59' title='bbox 733 1012 858 1080; x_wconf 89' lang='lat' dir='ltr'><strong>finitimi</strong></span> <span class='ocrx_word' id='word_1_60' title='bbox 878 1012 945 1096; x_wconf 90' lang='lat' dir='ltr'><strong>alii,</strong></span> <span class='ocrx_word' id='word_1_61' title='bbox 968 1019 1077 1081; x_wconf 89' lang='lat' dir='ltr'><strong>contra</strong></span> <span class='ocrx_word' id='word_1_62' title='bbox 1097 1033 1156 1079; x_wconf 92' lang='lat' dir='ltr'><strong>nos</strong></span> <span class='ocrx_word' id='word_1_63' title='bbox 1178 1013 1320 1080; x_wconf 87' lang='lat' dir='ltr'><strong>coniura-</strong></span> 
     </span>
     <span class='ocr_line' id='line_1_8' title="bbox 172 1114 1321 1202; baseline 0.003 -22"><span class='ocrx_word' id='word_1_64' title='bbox 172 1119 255 1181; x_wconf 86' lang='lat' dir='ltr'><strong>runt.</strong></span> <span class='ocrx_word' id='word_1_65' title='bbox 291 1114 422 1197; x_wconf 88' lang='lat' dir='ltr'><strong>Aliquot</strong></span> <span class='ocrx_word' id='word_1_66' title='bbox 443 1115 536 1181; x_wconf 91' lang='lat' dir='ltr'><strong>buius</strong></span> <span class='ocrx_word' id='word_1_67' title='bbox 559 1115 623 1183; x_wconf 91' lang='lat' dir='ltr'><strong>diei</strong></span> <span class='ocrx_word' id='word_1_68' title='bbox 645 1115 782 1198; x_wconf 80' lang='lat' dir='ltr'><strong>vestigia</strong></span> <span class='ocrx_word' id='word_1_69' title='bbox 802 1117 898 1197; x_wconf 82' lang='lat' dir='ltr'><strong>fugae</strong></span> <span class='ocrx_word' id='word_1_70' title='bbox 919 1115 954 1182; x_wconf 92' lang='lat' dir='ltr'><strong>in</strong></span> <span class='ocrx_word' id='word_1_71' title='bbox 974 1115 1073 1183; x_wconf 89' lang='lat' dir='ltr'><strong>sacris</strong></span> <span class='ocrx_word' id='word_1_72' title='bbox 1094 1121 1257 1202; x_wconf 82' lang='lat' dir='ltr'><strong>apparent,</strong></span> <span class='ocrx_word' id='word_1_73' title='bbox 1279 1115 1321 1184; x_wconf 91' lang='lat' dir='ltr'><strong>de</strong></span> 
     </span>
     <span class='ocr_line' id='line_1_9' title="bbox 173 1216 1319 1306; baseline 0.003 -24"><span class='ocrx_word' id='word_1_74' title='bbox 173 1216 291 1301; x_wconf 88' lang='lat' dir='ltr'><strong>quibus</strong></span> <span class='ocrx_word' id='word_1_75' title='bbox 311 1217 408 1283; x_wconf 86' lang='lat' dir='ltr'><strong>rebus</strong></span> <span class='ocrx_word' id='word_1_76' title='bbox 431 1217 655 1299; x_wconf 86' lang='lat' dir='ltr'><strong>antiquitatum</strong></span> <span class='ocrx_word' id='word_1_77' title='bbox 677 1218 751 1283; x_wconf 95' lang='lat' dir='ltr'><strong>libri</strong></span> <span class='ocrx_word' id='word_1_78' title='bbox 771 1217 864 1303; x_wconf 89' lang='lat' dir='ltr'><strong>plura</strong></span> <span class='ocrx_word' id='word_1_79' title='bbox 885 1219 1032 1285; x_wconf 88' lang='lat' dir='ltr'><strong>referunt.</strong></span> <span class='ocrx_word' id='word_1_80' title='bbox 1071 1219 1184 1285; x_wconf 88' lang='lat' dir='ltr'><strong>Nonae</strong></span> <span class='ocrx_word' id='word_1_81' title='bbox 1202 1218 1319 1306; x_wconf 79' lang='lat' dir='ltr'><strong>Capro·</strong></span> 
     </span>
     <span class='ocr_line' id='line_1_10' title="bbox 174 1319 1320 1404; baseline 0.003 -19"><span class='ocrx_word' id='word_1_82' title='bbox 174 1319 262 1386; x_wconf 89' lang='lat' dir='ltr'><strong>tinae</strong></span> <span class='ocrx_word' id='word_1_83' title='bbox 284 1319 369 1403; x_wconf 90' lang='lat' dir='ltr'><strong>quod</strong></span> <span class='ocrx_word' id='word_1_84' title='bbox 392 1340 430 1386; x_wconf 92' lang='lat' dir='ltr'><strong>eo</strong></span> <span class='ocrx_word' id='word_1_85' title='bbox 452 1319 505 1388; x_wconf 90' lang='lat' dir='ltr'><strong>die</strong></span> <span class='ocrx_word' id='word_1_86' title='bbox 526 1321 560 1386; x_wconf 91' lang='lat' dir='ltr'><strong>in</strong></span> <span class='ocrx_word' id='word_1_87' title='bbox 582 1320 674 1387; x_wconf 88' lang='lat' dir='ltr'><strong>Latio</strong></span> <span class='ocrx_word' id='word_1_88' title='bbox 695 1319 808 1386; x_wconf 90' lang='lat' dir='ltr'><strong>Iunoni</strong></span> <span class='ocrx_word' id='word_1_89' title='bbox 829 1320 1020 1404; x_wconf 79' lang='lat' dir='ltr'><strong>Caprotinae</strong></span> <span class='ocrx_word' id='word_1_90' title='bbox 1048 1320 1198 1388; x_wconf 90' lang='lat' dir='ltr'><strong>mulieres</strong></span> <span class='ocrx_word' id='word_1_91' title='bbox 1224 1320 1320 1388; x_wconf 87' lang='lat' dir='ltr'><strong>sacri-</strong></span> 
     </span>
    </p>

    <p class='ocr_par' dir='ltr' id='par_1_4' title="bbox 120 1419 1474 1917">
     <span class='ocr_line' id='line_1_11' title="bbox 120 1419 1474 1509; baseline 0 -22"><span class='ocrx_word' id='word_1_92' title='bbox 120 1434 152 1487; x_wconf 91' lang='lat' dir='ltr'><strong>1o</strong></span> <span class='ocrx_word' id='word_1_93' title='bbox 173 1419 309 1487; x_wconf 87' lang='lat' dir='ltr'><strong>ficantur</strong></span> <span class='ocrx_word' id='word_1_94' title='bbox 330 1426 363 1488; x_wconf 89' lang='lat' dir='ltr'><strong>et</strong></span> <span class='ocrx_word' id='word_1_95' title='bbox 390 1422 450 1487; x_wconf 89' lang='lat' dir='ltr'><strong>sub</strong></span> <span class='ocrx_word' id='word_1_96' title='bbox 472 1420 620 1508; x_wconf 85' lang='lat' dir='ltr'><strong>caprifico</strong></span> <span class='ocrx_word' id='word_1_97' title='bbox 642 1423 778 1506; x_wconf 80' lang='lat' dir='ltr'><strong>laciuut3</strong></span> <span class='ocrx_word' id='word_1_98' title='bbox 807 1443 826 1489; x_wconf 91' lang='lat' dir='ltr'><strong>e</strong></span> <span class='ocrx_word' id='word_1_99' title='bbox 848 1421 995 1507; x_wconf 88' lang='lat' dir='ltr'><strong>caprifico</strong></span> <span class='ocrx_word' id='word_1_100' title='bbox 1016 1421 1171 1489; x_wconf 90' lang='lat' dir='ltr'><strong>adhibent</strong></span> <span class='ocrx_word' id='word_1_101' title='bbox 1188 1423 1474 1509; x_wconf 76' lang='lat' dir='ltr'><strong>virgam.n.201s1›.o</strong></span> 
     </span>
     <span class='ocr_line' id='line_1_12' title="bbox 173 1521 1426 1610; baseline -0.001 -21"><span class='ocrx_word' id='word_1_102' title='bbox 173 1521 239 1589; x_wconf 70' lang='lat' dir='ltr'><strong>(tur</strong></span> <span class='ocrx_word' id='word_1_103' title='bbox 260 1523 337 1608; x_wconf 91' lang='lat' dir='ltr'><strong>hoc,</strong></span> <span class='ocrx_word' id='word_1_104' title='bbox 363 1529 473 1605; x_wconf 85' lang='lat' dir='ltr'><strong>togata</strong></span> <span class='ocrx_word' id='word_1_105' title='bbox 493 1529 662 1608; x_wconf 85' lang='lat' dir='ltr'><strong>praetexta</strong></span> <span class='ocrx_word' id='word_1_106' title='bbox 682 1525 761 1591; x_wconf 90' lang='lat' dir='ltr'><strong>data</strong></span> <span class='ocrx_word' id='word_1_107' title='bbox 781 1525 828 1591; x_wconf 89' lang='lat' dir='ltr'><strong>eis</strong></span> <span class='ocrx_word' id='word_1_108' title='bbox 849 1524 1089 1610; x_wconf 84' lang='lat' dir='ltr'><strong>Apollinaribus</strong></span> <span class='ocrx_word' id='word_1_109' title='bbox 1110 1524 1194 1590; x_wconf 90' lang='lat' dir='ltr'><strong>ludis</strong></span> <span class='ocrx_word' id='word_1_110' title='bbox 1216 1524 1323 1592; x_wconf 92' lang='lat' dir='ltr'><strong>docuit</strong></span> <span class='ocrx_word' id='word_1_111' title='bbox 1343 1527 1364 1606; x_wconf 66' lang='grc' dir='ltr'>ξ</span> <span class='ocrx_word' id='word_1_112' title='bbox 1388 1527 1426 1589; x_wconf 87' lang='grc'><strong>19</strong></span> 
     </span>
     <span class='ocr_line' id='line_1_13' title="bbox 173 1625 1321 1712; baseline 0.003 -21"><span class='ocrx_word' id='word_1_113' title='bbox 173 1626 338 1712; x_wconf 92' lang='lat' dir='ltr'><strong>populum.</strong></span> <span class='ocrx_word' id='word_1_114' title='bbox 375 1625 571 1710; x_wconf 85' lang='lat' dir='ltr'><strong>Neptunalia</strong></span> <span class='ocrx_word' id='word_1_115' title='bbox 585 1647 605 1692; x_wconf 98' lang='lat' dir='ltr'><strong>a</strong></span> <span class='ocrx_word' id='word_1_116' title='bbox 619 1627 784 1711; x_wconf 79' lang='lat' dir='ltr'><strong>Neptun03</strong></span> <span class='ocrx_word' id='word_1_117' title='bbox 808 1626 876 1694; x_wconf 90' lang='lat' dir='ltr'><strong>eius</strong></span> <span class='ocrx_word' id='word_1_118' title='bbox 891 1626 975 1694; x_wconf 89' lang='lat' dir='ltr'><strong>enim</strong></span> <span class='ocrx_word' id='word_1_119' title='bbox 998 1625 1050 1695; x_wconf 90' lang='lat' dir='ltr'><strong>dei</strong></span> <span class='ocrx_word' id='word_1_120' title='bbox 1071 1627 1179 1694; x_wconf 90' lang='lat' dir='ltr'><strong>feriae.</strong></span> <span class='ocrx_word' id='word_1_121' title='bbox 1216 1627 1321 1694; x_wconf 91' lang='lat' dir='ltr'><strong>Furri-</strong></span> 
     </span>
     <span class='ocr_line' id='line_1_14' title="bbox 174 1724 1322 1816; baseline 0.003 -22"><span class='ocrx_word' id='word_1_122' title='bbox 174 1727 264 1795; x_wconf 90' lang='lat' dir='ltr'><strong>nalia</strong></span> <span class='ocrx_word' id='word_1_123' title='bbox 280 1724 321 1816; x_wconf 81' lang='lat' dir='ltr'><strong>[o]</strong></span> <span class='ocrx_word' id='word_1_124' title='bbox 333 1728 478 1814; x_wconf 83' lang='lat' dir='ltr'><strong>Furrina,</strong></span> <span class='ocrx_word' id='word_1_125' title='bbox 493 1728 580 1811; x_wconf 89' lang='lat' dir='ltr'><strong>quod</strong></span> <span class='ocrx_word' id='word_1_126' title='bbox 594 1729 624 1795; x_wconf 92' lang='lat' dir='ltr'><strong>ei</strong></span> <span class='ocrx_word' id='word_1_127' title='bbox 639 1729 719 1795; x_wconf 88' lang='lat' dir='ltr'><strong>deae</strong></span> <span class='ocrx_word' id='word_1_128' title='bbox 731 1729 829 1796; x_wconf 88' lang='lat' dir='ltr'><strong>feriae</strong></span> <span class='ocrx_word' id='word_1_129' title='bbox 843 1729 992 1813; x_wconf 87' lang='lat' dir='ltr'><strong>publicae</strong></span> <span class='ocrx_word' id='word_1_130' title='bbox 1003 1729 1072 1797; x_wconf 86' lang='lat' dir='ltr'><strong>dies</strong></span> <span class='ocrx_word' id='word_1_131' title='bbox 1087 1728 1125 1813; x_wconf 90' lang='lat' dir='ltr'><strong>is,</strong></span> <span class='ocrx_word' id='word_1_132' title='bbox 1141 1729 1230 1796; x_wconf 91' lang='lat' dir='ltr'><strong>ouius</strong></span> <span class='ocrx_word' id='word_1_133' title='bbox 1241 1728 1322 1797; x_wconf 90' lang='lat' dir='ltr'><strong>deae</strong></span> 
     </span>
     <span class='ocr_line' id='line_1_15' title="bbox 174 1828 1323 1917; baseline 0.002 -21"><span class='ocrx_word' id='word_1_134' title='bbox 174 1829 278 1900; x_wconf 91' lang='lat' dir='ltr'><strong>bonos</strong></span> <span class='ocrx_word' id='word_1_135' title='bbox 299 1828 387 1917; x_wconf 87' lang='lat' dir='ltr'><strong>apud</strong></span> <span class='ocrx_word' id='word_1_136' title='bbox 405 1830 562 1915; x_wconf 86' lang='lat' dir='ltr'><strong>antiquos.</strong></span> <span class='ocrx_word' id='word_1_137' title='bbox 597 1852 672 1898; x_wconf 90' lang='lat' dir='ltr'><strong>nam</strong></span> <span class='ocrx_word' id='word_1_138' title='bbox 695 1832 726 1899; x_wconf 90' lang='lat' dir='ltr'><strong>ei</strong></span> <span class='ocrx_word' id='word_1_139' title='bbox 746 1853 839 1899; x_wconf 88' lang='lat' dir='ltr'><strong>sacra</strong></span> <span class='ocrx_word' id='word_1_140' title='bbox 859 1832 1005 1898; x_wconf 89' lang='lat' dir='ltr'><strong>instituta</strong></span> <span class='ocrx_word' id='word_1_141' title='bbox 1025 1853 1132 1899; x_wconf 88' lang='lat' dir='ltr'><strong>annua</strong></span> <span class='ocrx_word' id='word_1_142' title='bbox 1153 1836 1185 1898; x_wconf 92' lang='lat' dir='ltr'><strong>et</strong></span> <span class='ocrx_word' id='word_1_143' title='bbox 1205 1831 1323 1900; x_wconf 88' lang='lat' dir='ltr'><strong>flamen</strong></span> 
     </span>
    </p>

    <p class='ocr_par' dir='ltr' id='par_1_5' title="bbox 121 1933 1475 2412">
     <span class='ocr_line' id='line_1_16' title="bbox 121 1933 1323 2020; baseline 0.002 -21"><span class='ocrx_word' id='word_1_144' title='bbox 121 1946 152 1999; x_wconf 78' lang='lat'><strong>15</strong></span> <span class='ocrx_word' id='word_1_145' title='bbox 174 1933 363 2018; x_wconf 89' lang='lat' dir='ltr'><strong>attributus;</strong></span> <span class='ocrx_word' id='word_1_146' title='bbox 385 1955 468 2001; x_wconf 90' lang='lat' dir='ltr'><strong>nunc</strong></span> <span class='ocrx_word' id='word_1_147' title='bbox 488 1934 544 2000; x_wconf 84' lang='lat' dir='ltr'><strong>vix</strong></span> <span class='ocrx_word' id='word_1_148' title='bbox 566 1954 682 2001; x_wconf 91' lang='lat' dir='ltr'><strong>nomeu</strong></span> <span class='ocrx_word' id='word_1_149' title='bbox 703 1939 811 2000; x_wconf 91' lang='lat' dir='ltr'><strong>uotum</strong></span> <span class='ocrx_word' id='word_1_150' title='bbox 833 1935 952 2020; x_wconf 88' lang='lat' dir='ltr'><strong>paucis.</strong></span> <span class='ocrx_word' id='word_1_151' title='bbox 988 1934 1173 2003; x_wconf 90' lang='lat' dir='ltr'><strong>Portunalia</strong></span> <span class='ocrx_word' id='word_1_152' title='bbox 1195 1934 1281 2002; x_wconf 87' lang='lat' dir='ltr'><strong>dicta</strong></span> <span class='ocrx_word' id='word_1_153' title='bbox 1302 1955 1323 2001; x_wconf 90' lang='lat' dir='ltr'><strong>a</strong></span> 
     </span>
     <span class='ocr_line' id='line_1_17' title="bbox 174 2035 1322 2122; baseline 0 -19"><span class='ocrx_word' id='word_1_154' title='bbox 174 2036 325 2121; x_wconf 91' lang='lat' dir='ltr'><strong>Portuno,</strong></span> <span class='ocrx_word' id='word_1_155' title='bbox 348 2037 399 2103; x_wconf 89' lang='lat' dir='ltr'><strong>cui</strong></span> <span class='ocrx_word' id='word_1_156' title='bbox 414 2057 453 2104; x_wconf 95' lang='lat' dir='ltr'><strong>eo</strong></span> <span class='ocrx_word' id='word_1_157' title='bbox 469 2035 523 2104; x_wconf 88' lang='lat' dir='ltr'><strong>die</strong></span> <span class='ocrx_word' id='word_1_158' title='bbox 539 2036 637 2104; x_wconf 89' lang='lat' dir='ltr'><strong>aedes</strong></span> <span class='ocrx_word' id='word_1_159' title='bbox 658 2036 692 2103; x_wconf 91' lang='lat' dir='ltr'><strong>in</strong></span> <span class='ocrx_word' id='word_1_160' title='bbox 712 2041 806 2122; x_wconf 88' lang='lat' dir='ltr'><strong>portu</strong></span> <span class='ocrx_word' id='word_1_161' title='bbox 820 2036 972 2103; x_wconf 83' lang='lat' dir='ltr'><strong>Tiberino</strong></span> <span class='ocrx_word' id='word_1_162' title='bbox 993 2039 1080 2103; x_wconf 89' lang='lat' dir='ltr'><strong>lacta</strong></span> <span class='ocrx_word' id='word_1_163' title='bbox 1101 2044 1133 2104; x_wconf 90' lang='lat' dir='ltr'><strong>ct</strong></span> <span class='ocrx_word' id='word_1_164' title='bbox 1154 2037 1254 2106; x_wconf 87' lang='lat' dir='ltr'><strong>feriae</strong></span> <span class='ocrx_word' id='word_1_165' title='bbox 1275 2036 1322 2104; x_wconf 93' lang='lat' dir='ltr'><strong>in·</strong></span> 
     </span>
     <span class='ocr_line' id='line_1_18' title="bbox 174 2138 1428 2221; baseline -0.001 -15"><span class='ocrx_word' id='word_1_166' title='bbox 174 2138 316 2206; x_wconf 86' lang='lat' dir='ltr'><strong>stitutae.</strong></span> <span class='ocrx_word' id='word_1_167' title='bbox 381 2138 510 2206; x_wconf 89' lang='lat' dir='ltr'><strong>Vinalia</strong></span> <span class='ocrx_word' id='word_1_168' title='bbox 530 2138 662 2205; x_wconf 87' lang='lat' dir='ltr'><strong>Rustica</strong></span> <span class='ocrx_word' id='word_1_169' title='bbox 690 2139 837 2205; x_wconf 91' lang='lat' dir='ltr'><strong>dicontur</strong></span> <span class='ocrx_word' id='word_1_170' title='bbox 863 2144 939 2205; x_wconf 92' lang='lat' dir='ltr'><strong>ante</strong></span> <span class='ocrx_word' id='word_1_171' title='bbox 967 2139 1052 2206; x_wconf 88' lang='lat' dir='ltr'><strong>diem</strong></span> <span class='ocrx_word' id='word_1_172' title='bbox 1073 2141 1137 2206; x_wconf 92' lang='lat' dir='ltr'><strong>XII</strong></span> <span class='ocrx_word' id='word_1_173' title='bbox 1157 2138 1321 2207; x_wconf 87' lang='lat' dir='ltr'><strong>Kalendas</strong></span> <span class='ocrx_word' id='word_1_174' title='bbox 1343 2143 1364 2221; x_wconf 60' lang='grc' dir='ltr'>ὅ</span> <span class='ocrx_word' id='word_1_175' title='bbox 1387 2143 1428 2205; x_wconf 83' lang='grc'><strong>20</strong></span> 
     </span>
     <span class='ocr_line' id='line_1_19' title="bbox 175 2238 1475 2328; baseline -0.001 -20"><span class='ocrx_word' id='word_1_176' title='bbox 175 2239 398 2328; x_wconf 86' lang='lat' dir='ltr'><strong>Septembres,</strong></span> <span class='ocrx_word' id='word_1_177' title='bbox 427 2240 514 2325; x_wconf 87' lang='lat' dir='ltr'><strong>quod</strong></span> <span class='ocrx_word' id='word_1_178' title='bbox 536 2249 603 2308; x_wconf 87' lang='lat' dir='ltr'><strong>turn</strong></span> <span class='ocrx_word' id='word_1_179' title='bbox 623 2241 740 2309; x_wconf 91' lang='lat' dir='ltr'><strong>Veneri</strong></span> <span class='ocrx_word' id='word_1_180' title='bbox 762 2240 913 2308; x_wconf 88' lang='lat' dir='ltr'><strong>dedicata</strong></span> <span class='ocrx_word' id='word_1_181' title='bbox 933 2238 1031 2307; x_wconf 89' lang='lat' dir='ltr'><strong>aedes</strong></span> <span class='ocrx_word' id='word_1_182' title='bbox 1053 2248 1087 2308; x_wconf 90' lang='lat' dir='ltr'><strong>et</strong></span> <span class='ocrx_word' id='word_1_183' title='bbox 1107 2243 1167 2308; x_wconf 89' lang='lat' dir='ltr'><strong>orti</strong></span> <span class='ocrx_word' id='word_1_184' title='bbox 1189 2241 1220 2307; x_wconf 93' lang='lat' dir='ltr'><strong>ei</strong></span> <span class='ocrx_word' id='word_1_185' title='bbox 1240 2241 1322 2308; x_wconf 88' lang='lat' dir='ltr'><strong>deae</strong></span> <span class='ocrx_word' id='word_1_186' title='bbox 1333 2256 1449 2310; x_wconf 65' lang='lat' dir='ltr'><strong>(panop.</strong></span> <span class='ocrx_word' id='word_1_187' title='bbox 1457 2255 1475 2307; x_wconf 69' lang='lat'><strong>¹)</strong></span> 
     </span>
     <span class='ocr_line' id='line_1_20' title="bbox 176 2342 1322 2412; baseline 0.002 -2"><span class='ocrx_word' id='word_1_188' title='bbox 176 2342 323 2411; x_wconf 87' lang='lat' dir='ltr'><strong>dicantur</strong></span> <span class='ocrx_word' id='word_1_189' title='bbox 340 2364 380 2412; x_wconf 90' lang='lat' dir='ltr'><strong>ao</strong></span> <span class='ocrx_word' id='word_1_190' title='bbox 400 2351 468 2411; x_wconf 87' lang='lat' dir='ltr'><strong>tum</strong></span> <span class='ocrx_word' id='word_1_191' title='bbox 489 2350 562 2411; x_wconf 89' lang='lat' dir='ltr'><strong>suut</strong></span> <span class='ocrx_word' id='word_1_192' title='bbox 583 2343 688 2412; x_wconf 84' lang='lat' dir='ltr'><strong>feriati</strong></span> <span class='ocrx_word' id='word_1_193' title='bbox 710 2343 848 2411; x_wconf 87' lang='lat' dir='ltr'><strong>olitores.</strong></span> <span class='ocrx_word' id='word_1_194' title='bbox 885 2343 1057 2410; x_wconf 75' lang='lat' dir='ltr'><strong>Consualia</strong></span> <span class='ocrx_word' id='word_1_195' title='bbox 1074 2342 1162 2410; x_wconf 91' lang='lat' dir='ltr'><strong>dicta</strong></span> <span class='ocrx_word' id='word_1_196' title='bbox 1181 2344 1322 2412; x_wconf 75' lang='lat' dir='ltr'><strong>accuso</strong></span> 
     </span>
    </p>

    <p class='ocr_par' dir='ltr' id='par_1_6' title="bbox 125 2444 1426 2940">
     <span class='ocr_line' id='line_1_21' title="bbox 125 2444 1322 2532; baseline 0.001 -21"><span class='ocrx_word' id='word_1_197' title='bbox 125 2459 156 2511; x_wconf 78' lang='lat' dir='ltr'><strong>to</strong></span> <span class='ocrx_word' id='word_1_198' title='bbox 178 2444 266 2530; x_wconf 89' lang='lat' dir='ltr'><strong>quod</strong></span> <span class='ocrx_word' id='word_1_199' title='bbox 286 2453 353 2512; x_wconf 87' lang='lat' dir='ltr'><strong>tum</strong></span> <span class='ocrx_word' id='word_1_200' title='bbox 375 2446 475 2514; x_wconf 85' lang='lat' dir='ltr'><strong>feriae</strong></span> <span class='ocrx_word' id='word_1_201' title='bbox 496 2446 645 2532; x_wconf 89' lang='lat' dir='ltr'><strong>publicae</strong></span> <span class='ocrx_word' id='word_1_202' title='bbox 667 2447 698 2514; x_wconf 91' lang='lat' dir='ltr'><strong>ei</strong></span> <span class='ocrx_word' id='word_1_203' title='bbox 719 2445 780 2513; x_wconf 86' lang='lat' dir='ltr'><strong>deo</strong></span> <span class='ocrx_word' id='word_1_204' title='bbox 804 2451 836 2512; x_wconf 89' lang='lat' dir='ltr'><strong>et</strong></span> <span class='ocrx_word' id='word_1_205' title='bbox 856 2445 890 2513; x_wconf 91' lang='lat' dir='ltr'><strong>in</strong></span> <span class='ocrx_word' id='word_1_206' title='bbox 911 2446 994 2513; x_wconf 88' lang='lat' dir='ltr'><strong>circo</strong></span> <span class='ocrx_word' id='word_1_207' title='bbox 1016 2445 1058 2510; x_wconf 88' lang='lat' dir='ltr'><strong>ad</strong></span> <span class='ocrx_word' id='word_1_208' title='bbox 1080 2467 1169 2512; x_wconf 89' lang='lat' dir='ltr'><strong>aram</strong></span> <span class='ocrx_word' id='word_1_209' title='bbox 1191 2445 1322 2513; x_wconf 88' lang='lat' dir='ltr'><strong>eiusab</strong></span> 
     </span>
     <span class='ocr_line' id='line_1_22' title="bbox 177 2547 1322 2633; baseline -0.001 -17"><span class='ocrx_word' id='word_1_210' title='bbox 177 2547 398 2616; x_wconf 86' lang='lat' dir='ltr'><strong>sacerdotibus</strong></span> <span class='ocrx_word' id='word_1_211' title='bbox 420 2549 488 2614; x_wconf 89' lang='lat' dir='ltr'><strong>ludi</strong></span> <span class='ocrx_word' id='word_1_212' title='bbox 509 2549 567 2631; x_wconf 92' lang='lat' dir='ltr'><strong>illi,</strong></span> <span class='ocrx_word' id='word_1_213' title='bbox 589 2548 704 2633; x_wconf 89' lang='lat' dir='ltr'><strong>quibus</strong></span> <span class='ocrx_word' id='word_1_214' title='bbox 725 2547 865 2632; x_wconf 81' lang='lat' dir='ltr'><strong>virgines</strong></span> <span class='ocrx_word' id='word_1_215' title='bbox 888 2547 1029 2616; x_wconf 84' lang='lat' dir='ltr'><strong>Sabinae</strong></span> <span class='ocrx_word' id='word_1_216' title='bbox 1050 2554 1171 2633; x_wconf 88' lang='lat' dir='ltr'><strong>raptae.</strong></span> <span class='ocrx_word' id='word_1_217' title='bbox 1209 2549 1322 2615; x_wconf 77' lang='lat' dir='ltr'><strong>Volca</strong></span> 
     </span>
     <span class='ocr_line' id='line_1_23' title="bbox 177 2649 1323 2738; baseline 0.001 -20"><span class='ocrx_word' id='word_1_218' title='bbox 177 2651 266 2718; x_wconf 90' lang='lat' dir='ltr'><strong>nalia</strong></span> <span class='ocrx_word' id='word_1_219' title='bbox 286 2672 308 2717; x_wconf 92' lang='lat' dir='ltr'><strong>a</strong></span> <span class='ocrx_word' id='word_1_220' title='bbox 329 2651 486 2736; x_wconf 89' lang='lat' dir='ltr'><strong>Volcano,</strong></span> <span class='ocrx_word' id='word_1_221' title='bbox 515 2649 601 2735; x_wconf 89' lang='lat' dir='ltr'><strong>quod</strong></span> <span class='ocrx_word' id='word_1_222' title='bbox 623 2651 654 2717; x_wconf 92' lang='lat' dir='ltr'><strong>ei</strong></span> <span class='ocrx_word' id='word_1_223' title='bbox 674 2655 741 2715; x_wconf 91' lang='lat' dir='ltr'><strong>tom</strong></span> <span class='ocrx_word' id='word_1_224' title='bbox 761 2650 861 2715; x_wconf 88' lang='lat' dir='ltr'><strong>feriae</strong></span> <span class='ocrx_word' id='word_1_225' title='bbox 883 2656 915 2716; x_wconf 92' lang='lat' dir='ltr'><strong>et</strong></span> <span class='ocrx_word' id='word_1_226' title='bbox 937 2649 1023 2732; x_wconf 90' lang='lat' dir='ltr'><strong>quod</strong></span> <span class='ocrx_word' id='word_1_227' title='bbox 1045 2670 1082 2717; x_wconf 90' lang='lat' dir='ltr'><strong>eo</strong></span> <span class='ocrx_word' id='word_1_228' title='bbox 1105 2650 1158 2717; x_wconf 86' lang='lat' dir='ltr'><strong>dic</strong></span> <span class='ocrx_word' id='word_1_229' title='bbox 1186 2651 1323 2738; x_wconf 90' lang='lat' dir='ltr'><strong>populus</strong></span> 
     </span>
     <span class='ocr_line' id='line_1_24' title="bbox 177 2751 1426 2839; baseline -0.006 -18"><span class='ocrx_word' id='word_1_230' title='bbox 177 2774 237 2839; x_wconf 93' lang='lat' dir='ltr'><strong>pro</strong></span> <span class='ocrx_word' id='word_1_231' title='bbox 251 2773 287 2821; x_wconf 89' lang='lat' dir='ltr'><strong>se</strong></span> <span class='ocrx_word' id='word_1_232' title='bbox 302 2752 456 2838; x_wconf 85' lang='lat' dir='ltr'><strong>inignem</strong></span> <span class='ocrx_word' id='word_1_233' title='bbox 470 2752 624 2818; x_wconf 87' lang='lat' dir='ltr'><strong>animalia</strong></span> <span class='ocrx_word' id='word_1_234' title='bbox 645 2752 751 2818; x_wconf 87' lang='lat' dir='ltr'><strong>mittit.</strong></span> <span class='ocrx_word' id='word_1_235' title='bbox 784 2751 986 2838; x_wconf 77' lang='lat' dir='ltr'><strong>Opeconsiua</strong></span> <span class='ocrx_word' id='word_1_236' title='bbox 1008 2753 1078 2820; x_wconf 89' lang='lat' dir='ltr'><strong>dies</strong></span> <span class='ocrx_word' id='word_1_237' title='bbox 1100 2753 1142 2818; x_wconf 90' lang='lat' dir='ltr'><strong>ab</strong></span> <span class='ocrx_word' id='word_1_238' title='bbox 1165 2753 1228 2821; x_wconf 90' lang='lat' dir='ltr'><strong>dea</strong></span> <span class='ocrx_word' id='word_1_239' title='bbox 1241 2752 1324 2839; x_wconf 86' lang='lat' dir='ltr'><strong>Ope·</strong></span> <span class='ocrx_word' id='word_1_240' title='bbox 1347 2753 1368 2832; x_wconf 69' lang='grc' dir='ltr'>ξ</span> <span class='ocrx_word' id='word_1_241' title='bbox 1388 2754 1426 2815; x_wconf 86' lang='grc'>21</span> 
     </span>
     <span class='ocr_line' id='line_1_25' title="bbox 178 2853 1325 2940; baseline 0.001 -18"><span class='ocrx_word' id='word_1_242' title='bbox 178 2856 327 2938; x_wconf 79' lang='lat' dir='ltr'><strong>consiva,</strong></span> <span class='ocrx_word' id='word_1_243' title='bbox 357 2855 470 2938; x_wconf 91' lang='lat' dir='ltr'><strong>quoius</strong></span> <span class='ocrx_word' id='word_1_244' title='bbox 491 2854 524 2920; x_wconf 93' lang='lat' dir='ltr'><strong>in</strong></span> <span class='ocrx_word' id='word_1_245' title='bbox 546 2853 636 2940; x_wconf 82' lang='lat' dir='ltr'><strong>regia</strong></span> <span class='ocrx_word' id='word_1_246' title='bbox 660 2853 849 2940; x_wconf 87' lang='lat' dir='ltr'><strong>sacrarium,</strong></span> <span class='ocrx_word' id='word_1_247' title='bbox 878 2854 965 2939; x_wconf 89' lang='lat' dir='ltr'><strong>quod</strong></span> <span class='ocrx_word' id='word_1_248' title='bbox 989 2854 1063 2922; x_wconf 88' lang='lat' dir='ltr'><strong>idco</strong></span> <span class='ocrx_word' id='word_1_249' title='bbox 1085 2861 1205 2940; x_wconf 89' lang='lat' dir='ltr'><strong>artum,</strong></span> <span class='ocrx_word' id='word_1_250' title='bbox 1230 2861 1325 2923; x_wconf 90' lang='lat' dir='ltr'><strong>uteo</strong></span> 
     </span>
    </p>
   </div>
   <div class='ocr_carea' id='block_1_4' title="bbox 178 3023 1327 4376">
    <p class='ocr_par' dir='ltr' id='par_1_7' title="bbox 178 3023 1327 4376">
     <span class='ocr_line' id='line_1_26' title="bbox 249 3023 1324 3096; baseline 0.003 -18"><span class='ocrx_word' id='word_1_251' title='bbox 249 3028 261 3078; x_wconf 88' lang='lat'>1</span> <span class='ocrx_word' id='word_1_252' title='bbox 280 3025 353 3094; x_wconf 86' lang='lat' dir='ltr'><strong>quod</strong></span> <span class='ocrx_word' id='word_1_253' title='bbox 369 3024 412 3079; x_wconf 83' lang='lat' dir='ltr'><strong>dis</strong></span> <span class='ocrx_word' id='word_1_254' title='bbox 431 3023 544 3080; x_wconf 84' lang='lat' dir='ltr'><strong>GHaf.</strong></span> <span class='ocrx_word' id='word_1_255' title='bbox 562 3055 597 3063; x_wconf 88' lang='lat'><em>-</em></span> <span class='ocrx_word' id='word_1_256' title='bbox 614 3029 630 3080; x_wconf 83' lang='lat'><strong>2</strong></span> <span class='ocrx_word' id='word_1_257' title='bbox 646 3025 763 3096; x_wconf 77' lang='lat' dir='ltr'><strong>tyberim</strong></span> <span class='ocrx_word' id='word_1_258' title='bbox 774 3025 795 3079; x_wconf 87' lang='lat' dir='ltr'><strong>f.</strong></span> <span class='ocrx_word' id='word_1_259' title='bbox 813 3057 847 3065; x_wconf 97' lang='lat'>—</span> <span class='ocrx_word' id='word_1_260' title='bbox 865 3029 927 3082; x_wconf 85' lang='lat' dir='ltr'><strong>3oa</strong></span> <span class='ocrx_word' id='word_1_261' title='bbox 944 3025 1055 3095; x_wconf 84' lang='lat' dir='ltr'><strong>dieVp.</strong></span> <span class='ocrx_word' id='word_1_262' title='bbox 1075 3056 1107 3064; x_wconf 96' lang='lat'><em>-</em></span> <span class='ocrx_word' id='word_1_263' title='bbox 1125 3029 1265 3096; x_wconf 75' lang='lat' dir='ltr'><strong>brepente</strong></span> <span class='ocrx_word' id='word_1_264' title='bbox 1280 3028 1324 3081; x_wconf 93' lang='lat' dir='ltr'><strong>tu·</strong></span> 
     </span>
     <span class='ocr_line' id='line_1_27' title="bbox 178 3109 1326 3178; baseline 0.001 -14"><span class='ocrx_word' id='word_1_265' title='bbox 178 3109 266 3164; x_wconf 87' lang='lat' dir='ltr'><strong>multu</strong></span> <span class='ocrx_word' id='word_1_266' title='bbox 283 3110 421 3165; x_wconf 84' lang='lat' dir='ltr'><strong>Laetus.</strong></span> <span class='ocrx_word' id='word_1_267' title='bbox 444 3140 478 3150; x_wconf 91' lang='lat'><em>-</em></span> <span class='ocrx_word' id='word_1_268' title='bbox 502 3114 517 3164; x_wconf 88' lang='grc'><strong>6</strong></span> <span class='ocrx_word' id='word_1_269' title='bbox 535 3115 578 3174; x_wconf 89' lang='lat' dir='ltr'><strong>ac]</strong></span> <span class='ocrx_word' id='word_1_270' title='bbox 596 3113 644 3166; x_wconf 91' lang='lat' dir='ltr'><strong>aut</strong></span> <span class='ocrx_word' id='word_1_271' title='bbox 661 3111 682 3178; x_wconf 84' lang='lat' dir='ltr'><strong>f,</strong></span> <span class='ocrx_word' id='word_1_272' title='bbox 699 3127 751 3165; x_wconf 89' lang='lat' dir='ltr'><strong>om.</strong></span> <span class='ocrx_word' id='word_1_273' title='bbox 769 3111 900 3167; x_wconf 85' lang='lat' dir='ltr'><strong>Laetus</strong></span> <span class='ocrx_word' id='word_1_274' title='bbox 918 3128 979 3166; x_wconf 83' lang='lat' dir='ltr'><strong>cam</strong></span> <span class='ocrx_word' id='word_1_275' title='bbox 996 3111 1028 3166; x_wconf 89' lang='grc' dir='ltr'><strong>Β.</strong></span> <span class='ocrx_word' id='word_1_276' title='bbox 1055 3141 1088 3151; x_wconf 90' lang='grc'><strong>-</strong></span> <span class='ocrx_word' id='word_1_277' title='bbox 1115 3112 1326 3168; x_wconf 85' lang='lat' dir='ltr'><strong>coniuraverunt</strong></span> 
     </span>
     <span class='ocr_line' id='line_1_28' title="bbox 179 3193 1325 3266; baseline 0.003 -18"><span class='ocrx_word' id='word_1_278' title='bbox 179 3193 219 3258; x_wconf 88' lang='lat' dir='ltr'><strong>M,</strong></span> <span class='ocrx_word' id='word_1_279' title='bbox 236 3193 386 3262; x_wconf 88' lang='lat' dir='ltr'><strong>Laetus,</strong></span> <span class='ocrx_word' id='word_1_280' title='bbox 409 3194 587 3250; x_wconf 85' lang='lat' dir='ltr'><strong>coniurarant</strong></span> <span class='ocrx_word' id='word_1_281' title='bbox 602 3214 630 3266; x_wconf 87' lang='lat' dir='ltr'><strong>p.</strong></span> <span class='ocrx_word' id='word_1_282' title='bbox 657 3227 691 3235; x_wconf 98' lang='lat'><em>-</em></span> <span class='ocrx_word' id='word_1_283' title='bbox 718 3196 814 3262; x_wconf 76' lang='lat' dir='ltr'><strong>”ldieil</strong></span> <span class='ocrx_word' id='word_1_284' title='bbox 834 3196 879 3250; x_wconf 87' lang='lat' dir='ltr'><strong>dei</strong></span> <span class='ocrx_word' id='word_1_285' title='bbox 896 3195 949 3262; x_wconf 89' lang='lat' dir='ltr'><strong>Ff,</strong></span> <span class='ocrx_word' id='word_1_286' title='bbox 967 3196 1104 3252; x_wconf 88' lang='lat' dir='ltr'><strong>Laetus.</strong></span> <span class='ocrx_word' id='word_1_287' title='bbox 1122 3197 1193 3266; x_wconf 81' lang='lat' dir='ltr'><strong>fort.</strong></span> <span class='ocrx_word' id='word_1_288' title='bbox 1211 3199 1265 3252; x_wconf 88' lang='lat' dir='ltr'><strong>die.</strong></span> <span class='ocrx_word' id='word_1_289' title='bbox 1292 3228 1325 3237; x_wconf 91' lang='lat'><em>-</em></span> 
     </span>
     <span class='ocr_line' id='line_1_29' title="bbox 180 3277 1324 3352; baseline 0.002 -20"><span class='ocrx_word' id='word_1_290' title='bbox 180 3277 262 3348; x_wconf 81' lang='lat' dir='ltr'><strong>fugae</strong></span> <span class='ocrx_word' id='word_1_291' title='bbox 277 3279 347 3348; x_wconf 80' lang='lat' dir='ltr'><strong>fort.</strong></span> <span class='ocrx_word' id='word_1_292' title='bbox 358 3279 410 3334; x_wconf 83' lang='lat' dir='ltr'><strong>del.</strong></span> <span class='ocrx_word' id='word_1_293' title='bbox 428 3311 462 3319; x_wconf 96' lang='lat'><em>-</em></span> <span class='ocrx_word' id='word_1_294' title='bbox 480 3285 495 3335; x_wconf 82' lang='lat'>9</span> <span class='ocrx_word' id='word_1_295' title='bbox 514 3279 813 3335; x_wconf 85' lang='lat' dir='ltr'><strong>sacrificautLaetus</strong></span> <span class='ocrx_word' id='word_1_296' title='bbox 831 3284 912 3346; x_wconf 79' lang='lat' dir='ltr'><strong>(tacet</strong></span> <span class='ocrx_word' id='word_1_297' title='bbox 927 3281 1059 3347; x_wconf 62' lang='grc'>11111).-</span> <span class='ocrx_word' id='word_1_298' title='bbox 1090 3288 1105 3335; x_wconf 89' lang='lat'>0</span> <span class='ocrx_word' id='word_1_299' title='bbox 1123 3298 1139 3336; x_wconf 93' lang='lat' dir='ltr'><strong>e</strong></span> <span class='ocrx_word' id='word_1_300' title='bbox 1156 3280 1324 3352; x_wconf 84' lang='lat' dir='ltr'><strong>caprificiof.</strong></span> 
     </span>
     <span class='ocr_line' id='line_1_30' title="bbox 182 3363 1325 3432; baseline 0.002 -14"><span class='ocrx_word' id='word_1_301' title='bbox 182 3394 216 3405; x_wconf 90' lang='lat'><em>-</em></span> <span class='ocrx_word' id='word_1_302' title='bbox 232 3364 345 3432; x_wconf 78' lang='lat' dir='ltr'><strong>uirgam]</strong></span> <span class='ocrx_word' id='word_1_303' title='bbox 363 3363 407 3418; x_wconf 88' lang='lat' dir='ltr'><strong>lac</strong></span> <span class='ocrx_word' id='word_1_304' title='bbox 425 3365 575 3421; x_wconf 88' lang='lat' dir='ltr'><strong>Ursinus</strong></span> <span class='ocrx_word' id='word_1_305' title='bbox 592 3383 631 3421; x_wconf 82' lang='lat' dir='ltr'><strong>eac</strong></span> <span class='ocrx_word' id='word_1_306' title='bbox 647 3365 907 3432; x_wconf 83' lang='lat' dir='ltr'><strong>Macrob.I,11,40.</strong></span> <span class='ocrx_word' id='word_1_307' title='bbox 925 3393 958 3404; x_wconf 81' lang='lat'>-</span> <span class='ocrx_word' id='word_1_308' title='bbox 979 3371 1007 3419; x_wconf 89' lang='lat'><strong>11</strong></span> <span class='ocrx_word' id='word_1_309' title='bbox 1020 3371 1077 3430; x_wconf 87' lang='lat' dir='ltr'><strong>cur]</strong></span> <span class='ocrx_word' id='word_1_310' title='bbox 1097 3366 1131 3423; x_wconf 96' lang='lat' dir='ltr'><strong>ob</strong></span> <span class='ocrx_word' id='word_1_311' title='bbox 1148 3367 1325 3422; x_wconf 85' lang='lat' dir='ltr'><strong>Laetus.-</strong></span> 
     </span>
     <span class='ocr_line' id='line_1_31' title="bbox 179 3449 1326 3522; baseline -0.001 -17"><span class='ocrx_word' id='word_1_312' title='bbox 179 3452 245 3518; x_wconf 75' lang='lat' dir='ltr'><strong>toga</strong></span> <span class='ocrx_word' id='word_1_313' title='bbox 252 3449 292 3518; x_wconf 89' lang='lat' dir='ltr'><strong>M,</strong></span> <span class='ocrx_word' id='word_1_314' title='bbox 303 3450 444 3504; x_wconf 87' lang='lat' dir='ltr'><strong>Laetus.</strong></span> <span class='ocrx_word' id='word_1_315' title='bbox 459 3456 527 3522; x_wconf 84' lang='lat' dir='ltr'><strong>post</strong></span> <span class='ocrx_word' id='word_1_316' title='bbox 539 3451 578 3506; x_wconf 90' lang='lat' dir='ltr'><strong>eis</strong></span> <span class='ocrx_word' id='word_1_317' title='bbox 591 3450 770 3520; x_wconf 86' lang='lat' dir='ltr'><strong>Scioppius</strong></span> <span class='ocrx_word' id='word_1_318' title='bbox 780 3451 877 3521; x_wconf 81' lang='lat' dir='ltr'><strong>posuit</strong></span> <span class='ocrx_word' id='word_1_319' title='bbox 886 3450 1035 3506; x_wconf 83' lang='lat' dir='ltr'>DESUNT</span> <span class='ocrx_word' id='word_1_320' title='bbox 1045 3452 1191 3520; x_wconf 80' lang='lat' dir='ltr'><strong>ALIQUA.</strong></span> <span class='ocrx_word' id='word_1_321' title='bbox 1200 3481 1235 3492; x_wconf 90' lang='lat'><strong>-·</strong></span> <span class='ocrx_word' id='word_1_322' title='bbox 1244 3450 1326 3505; x_wconf 86' lang='lat' dir='ltr'><strong>docui</strong></span> 
     </span>
     <span class='ocr_line' id='line_1_32' title="bbox 180 3529 1326 3606; baseline -0.001 -16"><span class='ocrx_word' id='word_1_323' title='bbox 180 3535 265 3604; x_wconf 81' lang='lat' dir='ltr'><strong>vulg.</strong></span> <span class='ocrx_word' id='word_1_324' title='bbox 282 3565 317 3575; x_wconf 94' lang='lat'>—</span> <span class='ocrx_word' id='word_1_325' title='bbox 337 3539 368 3590; x_wconf 95' lang='grc'>12</span> <span class='ocrx_word' id='word_1_326' title='bbox 386 3535 440 3600; x_wconf 88' lang='lat' dir='ltr'><strong>dci]</strong></span> <span class='ocrx_word' id='word_1_327' title='bbox 458 3535 601 3604; x_wconf 87' lang='lat' dir='ltr'><strong>Laetus,</strong></span> <span class='ocrx_word' id='word_1_328' title='bbox 619 3536 664 3591; x_wconf 88' lang='lat' dir='ltr'><strong>die</strong></span> <span class='ocrx_word' id='word_1_329' title='bbox 680 3536 774 3590; x_wconf 92' lang='lat' dir='ltr'><strong>libri.</strong></span> <span class='ocrx_word' id='word_1_330' title='bbox 792 3529 916 3604; x_wconf 70' lang='lat' dir='ltr'><strong>‘forano</strong></span> <span class='ocrx_word' id='word_1_331' title='bbox 929 3530 1066 3606; x_wconf 84' lang='lat' dir='ltr'><strong>dic&#39;LSp.</strong></span> <span class='ocrx_word' id='word_1_332' title='bbox 1085 3567 1118 3577; x_wconf 89' lang='lat'>-</span> <span class='ocrx_word' id='word_1_333' title='bbox 1138 3540 1167 3590; x_wconf 89' lang='grc'><strong>13</strong></span> <span class='ocrx_word' id='word_1_334' title='bbox 1186 3555 1205 3592; x_wconf 84' lang='lat' dir='ltr'><strong>a</strong></span> <span class='ocrx_word' id='word_1_335' title='bbox 1220 3536 1326 3590; x_wconf 85' lang='lat' dir='ltr'><strong>Furina</strong></span> 
     </span>
     <span class='ocr_line' id='line_1_33' title="bbox 181 3620 1325 3693; baseline 0.001 -18"><span class='ocrx_word' id='word_1_336' title='bbox 181 3620 266 3690; x_wconf 79' lang='lat' dir='ltr'><strong>vulg.</strong></span> <span class='ocrx_word' id='word_1_337' title='bbox 284 3620 420 3676; x_wconf 85' lang='lat' dir='ltr'><strong>Furriuae</strong></span> <span class='ocrx_word' id='word_1_338' title='bbox 431 3622 475 3674; x_wconf 82' lang='lat' dir='ltr'><strong>cel</strong></span> <span class='ocrx_word' id='word_1_339' title='bbox 484 3621 602 3675; x_wconf 87' lang='lat' dir='ltr'><strong>Furrine</strong></span> <span class='ocrx_word' id='word_1_340' title='bbox 618 3621 711 3675; x_wconf 86' lang='lat' dir='ltr'><strong>libri.</strong></span> <span class='ocrx_word' id='word_1_341' title='bbox 724 3652 758 3661; x_wconf 96' lang='lat'><strong>—</strong></span> <span class='ocrx_word' id='word_1_342' title='bbox 775 3621 884 3691; x_wconf 88' lang='lat' dir='ltr'><strong>publice</strong></span> <span class='ocrx_word' id='word_1_343' title='bbox 901 3621 987 3676; x_wconf 92' lang='lat' dir='ltr'><strong>libri</strong></span> <span class='ocrx_word' id='word_1_344' title='bbox 1002 3625 1081 3693; x_wconf 83' lang='lat' dir='ltr'><strong>(quos</strong></span> <span class='ocrx_word' id='word_1_345' title='bbox 1092 3622 1204 3692; x_wconf 75' lang='lat' dir='ltr'><strong>inspexi</strong></span> <span class='ocrx_word' id='word_1_346' title='bbox 1215 3624 1325 3689; x_wconf 81' lang='lat' dir='ltr'><strong>omnes),</strong></span> 
     </span>
     <span class='ocr_line' id='line_1_34' title="bbox 182 3705 1324 3777; baseline -0.001 -16"><span class='ocrx_word' id='word_1_347' title='bbox 182 3706 380 3761; x_wconf 67' lang='lat' dir='ltr'><strong>romulum.</strong></span> <span class='ocrx_word' id='word_1_348' title='bbox 392 3736 426 3746; x_wconf 93' lang='lat'>—</span> <span class='ocrx_word' id='word_1_349' title='bbox 442 3705 467 3760; x_wconf 91' lang='lat' dir='ltr'><strong>is</strong></span> <span class='ocrx_word' id='word_1_350' title='bbox 480 3705 851 3777; x_wconf 86' lang='lat' dir='ltr'><strong>om.MVp.-quoiusHa.</strong></span> <span class='ocrx_word' id='word_1_351' title='bbox 862 3736 893 3746; x_wconf 88' lang='lat'><em>-</em></span> <span class='ocrx_word' id='word_1_352' title='bbox 907 3710 938 3760; x_wconf 85' lang='lat'><strong>15</strong></span> <span class='ocrx_word' id='word_1_353' title='bbox 957 3707 1004 3761; x_wconf 85' lang='lat' dir='ltr'><strong>uix</strong></span> <span class='ocrx_word' id='word_1_354' title='bbox 1021 3712 1114 3763; x_wconf 87' lang='lat' dir='ltr'><strong>notum</strong></span> <span class='ocrx_word' id='word_1_355' title='bbox 1131 3710 1175 3761; x_wconf 86' lang='lat' dir='ltr'><strong>est</strong></span> <span class='ocrx_word' id='word_1_356' title='bbox 1190 3705 1287 3775; x_wconf 87' lang='lat' dir='ltr'><strong>paucis</strong></span> <span class='ocrx_word' id='word_1_357' title='bbox 1304 3706 1324 3760; x_wconf 89' lang='lat' dir='ltr'><strong>f.</strong></span> 
     </span>
     <span class='ocr_line' id='line_1_35' title="bbox 181 3791 1327 3861; baseline 0 -15"><span class='ocrx_word' id='word_1_358' title='bbox 181 3822 216 3832; x_wconf 95' lang='lat'><em>-</em></span> <span class='ocrx_word' id='word_1_359' title='bbox 235 3796 266 3846; x_wconf 87' lang='grc'><strong>16</strong></span> <span class='ocrx_word' id='word_1_360' title='bbox 284 3791 349 3861; x_wconf 88' lang='lat' dir='ltr'><strong>quoi</strong></span> <span class='ocrx_word' id='word_1_361' title='bbox 365 3807 391 3846; x_wconf 92' lang='lat' dir='ltr'><strong>a.</strong></span> <span class='ocrx_word' id='word_1_362' title='bbox 409 3820 444 3830; x_wconf 91' lang='lat'>-</span> <span class='ocrx_word' id='word_1_363' title='bbox 463 3793 493 3843; x_wconf 86' lang='grc'><strong>11</strong></span> <span class='ocrx_word' id='word_1_364' title='bbox 512 3791 701 3845; x_wconf 87' lang='lat' dir='ltr'><strong>duodecimum</strong></span> <span class='ocrx_word' id='word_1_365' title='bbox 718 3791 737 3859; x_wconf 85' lang='lat' dir='ltr'><strong>f,</strong></span> <span class='ocrx_word' id='word_1_366' title='bbox 760 3794 887 3861; x_wconf 85' lang='lat' dir='ltr'><strong>quartum</strong></span> <span class='ocrx_word' id='word_1_367' title='bbox 904 3792 1037 3847; x_wconf 86' lang='lat' dir='ltr'><strong>decimum</strong></span> <span class='ocrx_word' id='word_1_368' title='bbox 1054 3793 1271 3861; x_wconf 84' lang='lat' dir='ltr'><strong>Augustinus</strong></span> <span class='ocrx_word' id='word_1_369' title='bbox 1288 3808 1327 3846; x_wconf 78' lang='lat' dir='ltr'><strong>eu</strong></span> 
     </span>
     <span class='ocr_line' id='line_1_36' title="bbox 181 3875 1325 3947; baseline 0.002 -16"><span class='ocrx_word' id='word_1_370' title='bbox 181 3877 273 3947; x_wconf 81' lang='lat' dir='ltr'><strong>fastis.</strong></span> <span class='ocrx_word' id='word_1_371' title='bbox 290 3907 326 3916; x_wconf 92' lang='lat'><em>-</em></span> <span class='ocrx_word' id='word_1_372' title='bbox 344 3879 375 3932; x_wconf 90' lang='grc'>18</span> <span class='ocrx_word' id='word_1_373' title='bbox 394 3875 564 3944; x_wconf 85' lang='lat' dir='ltr'><strong>aedisvulg.</strong></span> <span class='ocrx_word' id='word_1_374' title='bbox 575 3892 613 3931; x_wconf 79' lang='lat' dir='ltr'><strong>cx</strong></span> <span class='ocrx_word' id='word_1_375' title='bbox 621 3877 653 3930; x_wconf 93' lang='grc' dir='ltr'><strong>Β.</strong></span> <span class='ocrx_word' id='word_1_376' title='bbox 665 3906 700 3916; x_wconf 90' lang='grc'><strong>-</strong></span> <span class='ocrx_word' id='word_1_377' title='bbox 720 3880 751 3931; x_wconf 88' lang='grc'><strong>19</strong></span> <span class='ocrx_word' id='word_1_378' title='bbox 768 3876 905 3946; x_wconf 88' lang='lat' dir='ltr'><strong>dicantur]</strong></span> <span class='ocrx_word' id='word_1_379' title='bbox 922 3894 950 3946; x_wconf 88' lang='lat' dir='ltr'><strong>p,</strong></span> <span class='ocrx_word' id='word_1_380' title='bbox 967 3877 998 3932; x_wconf 92' lang='lat' dir='ltr'><strong>M</strong></span> <span class='ocrx_word' id='word_1_381' title='bbox 1005 3877 1107 3946; x_wconf 84' lang='lat' dir='ltr'><strong>ullor,</strong></span> <span class='ocrx_word' id='word_1_382' title='bbox 1125 3876 1254 3932; x_wconf 87' lang='lat' dir='ltr'><strong>dicuntur</strong></span> <span class='ocrx_word' id='word_1_383' title='bbox 1271 3893 1325 3933; x_wconf 85' lang='lat' dir='ltr'><strong>ee·</strong></span> 
     </span>
     <span class='ocr_line' id='line_1_37' title="bbox 182 3961 1325 4032; baseline 0.002 -16"><span class='ocrx_word' id='word_1_384' title='bbox 182 3962 261 4016; x_wconf 89' lang='lat' dir='ltr'><strong>teri.</strong></span> <span class='ocrx_word' id='word_1_385' title='bbox 280 3962 338 4016; x_wconf 88' lang='lat' dir='ltr'><strong>eius</strong></span> <span class='ocrx_word' id='word_1_386' title='bbox 355 3961 458 4017; x_wconf 83' lang='lat' dir='ltr'><strong>tutelae</strong></span> <span class='ocrx_word' id='word_1_387' title='bbox 475 3964 541 4032; x_wconf 83' lang='lat' dir='ltr'><strong>(pro</strong></span> <span class='ocrx_word' id='word_1_388' title='bbox 559 3961 586 4015; x_wconf 89' lang='lat' dir='ltr'><strong>ei</strong></span> <span class='ocrx_word' id='word_1_389' title='bbox 603 3962 681 4026; x_wconf 82' lang='lat' dir='ltr'><strong>deae)</strong></span> <span class='ocrx_word' id='word_1_390' title='bbox 699 3963 732 4031; x_wconf 91' lang='lat' dir='ltr'><strong>B,</strong></span> <span class='ocrx_word' id='word_1_391' title='bbox 750 3961 809 4016; x_wconf 92' lang='lat' dir='ltr'><strong>eius</strong></span> <span class='ocrx_word' id='word_1_392' title='bbox 826 3963 929 4018; x_wconf 81' lang='lat' dir='ltr'><strong>tutelae</strong></span> <span class='ocrx_word' id='word_1_393' title='bbox 947 3961 1171 4030; x_wconf 79' lang='lat' dir='ltr'><strong>adsignificautur</strong></span> <span class='ocrx_word' id='word_1_394' title='bbox 1186 3963 1325 4032; x_wconf 90' lang='lat' dir='ltr'><strong>Laetus,</strong></span> 
     </span>
     <span class='ocr_line' id='line_1_38' title="bbox 183 4045 1326 4118; baseline 0.002 -17"><span class='ocrx_word' id='word_1_395' title='bbox 183 4046 255 4101; x_wconf 80' lang='lat' dir='ltr'><strong>idem</strong></span> <span class='ocrx_word' id='word_1_396' title='bbox 271 4047 325 4101; x_wconf 77' lang='lat' dir='ltr'><strong>nisi</strong></span> <span class='ocrx_word' id='word_1_397' title='bbox 341 4046 417 4118; x_wconf 82' lang='lat' dir='ltr'><strong>quod</strong></span> <span class='ocrx_word' id='word_1_398' title='bbox 433 4045 612 4116; x_wconf 85' lang='lat' dir='ltr'><strong>adsignantur</strong></span> <span class='ocrx_word' id='word_1_399' title='bbox 628 4047 747 4101; x_wconf 82' lang='lat' dir='ltr'><strong>Aldus.</strong></span> <span class='ocrx_word' id='word_1_400' title='bbox 774 4078 808 4088; x_wconf 88' lang='lat'><em>-</em></span> <span class='ocrx_word' id='word_1_401' title='bbox 834 4052 865 4102; x_wconf 84' lang='lat'><strong>21</strong></span> <span class='ocrx_word' id='word_1_402' title='bbox 883 4047 951 4111; x_wconf 85' lang='lat' dir='ltr'><strong>ludi]</strong></span> <span class='ocrx_word' id='word_1_403' title='bbox 968 4047 1039 4102; x_wconf 89' lang='lat' dir='ltr'><strong>fiunt</strong></span> <span class='ocrx_word' id='word_1_404' title='bbox 1055 4047 1112 4102; x_wconf 87' lang='lat' dir='ltr'><strong>ludi</strong></span> <span class='ocrx_word' id='word_1_405' title='bbox 1129 4048 1268 4103; x_wconf 85' lang='lat' dir='ltr'><strong>Laetus.</strong></span> <span class='ocrx_word' id='word_1_406' title='bbox 1292 4079 1326 4090; x_wconf 89' lang='lat'><em>-</em></span> 
     </span>
     <span class='ocr_line' id='line_1_39' title="bbox 184 4130 1325 4205; baseline 0.004 -18"><span class='ocrx_word' id='word_1_407' title='bbox 184 4131 279 4188; x_wconf 85' lang='lat' dir='ltr'><strong>sauine</strong></span> <span class='ocrx_word' id='word_1_408' title='bbox 288 4132 321 4187; x_wconf 87' lang='lat' dir='ltr'><strong>V.</strong></span> <span class='ocrx_word' id='word_1_409' title='bbox 334 4163 369 4173; x_wconf 94' lang='lat'><em>-</em></span> <span class='ocrx_word' id='word_1_410' title='bbox 380 4131 476 4187; x_wconf 87' lang='lat' dir='ltr'><strong>sauine</strong></span> <span class='ocrx_word' id='word_1_411' title='bbox 487 4130 607 4200; x_wconf 75' lang='lat' dir='ltr'><strong>uirgines</strong></span> <span class='ocrx_word' id='word_1_412' title='bbox 618 4150 646 4202; x_wconf 92' lang='lat' dir='ltr'><strong>p.</strong></span> <span class='ocrx_word' id='word_1_413' title='bbox 659 4162 691 4172; x_wconf 91' lang='lat'><em>-</em></span> <span class='ocrx_word' id='word_1_414' title='bbox 705 4136 737 4186; x_wconf 83' lang='lat'><strong>23</strong></span> <span class='ocrx_word' id='word_1_415' title='bbox 749 4133 811 4200; x_wconf 87' lang='lat' dir='ltr'><strong>dea]</strong></span> <span class='ocrx_word' id='word_1_416' title='bbox 825 4149 859 4187; x_wconf 91' lang='lat' dir='ltr'><strong>ea</strong></span> <span class='ocrx_word' id='word_1_417' title='bbox 870 4131 884 4185; x_wconf 87' lang='grc'>1</span> <span class='ocrx_word' id='word_1_418' title='bbox 889 4132 928 4201; x_wconf 87' lang='grc' dir='ltr'><strong>Μ,</strong></span> <span class='ocrx_word' id='word_1_419' title='bbox 946 4133 1087 4202; x_wconf 85' lang='lat' dir='ltr'><strong>Laetus,</strong></span> <span class='ocrx_word' id='word_1_420' title='bbox 1105 4134 1261 4204; x_wconf 84' lang='lat' dir='ltr'><strong>deon.-</strong></span> <span class='ocrx_word' id='word_1_421' title='bbox 1273 4151 1325 4205; x_wconf 86' lang='lat' dir='ltr'><strong>ope</strong></span> 
     </span>
     <span class='ocr_line' id='line_1_40' title="bbox 184 4215 1326 4292; baseline 0.002 -21"><span class='ocrx_word' id='word_1_422' title='bbox 184 4216 308 4272; x_wconf 85' lang='lat' dir='ltr'><strong>conuiuia</strong></span> <span class='ocrx_word' id='word_1_423' title='bbox 325 4216 383 4272; x_wconf 88' lang='lat' dir='ltr'><strong>Ha.</strong></span> <span class='ocrx_word' id='word_1_424' title='bbox 403 4249 436 4258; x_wconf 89' lang='lat'><em>-</em></span> <span class='ocrx_word' id='word_1_425' title='bbox 453 4221 487 4271; x_wconf 89' lang='grc'><strong>24</strong></span> <span class='ocrx_word' id='word_1_426' title='bbox 504 4217 582 4272; x_wconf 85' lang='lat' dir='ltr'><strong>cuins</strong></span> <span class='ocrx_word' id='word_1_427' title='bbox 598 4216 700 4287; x_wconf 87' lang='lat' dir='ltr'><strong>MVp,</strong></span> <span class='ocrx_word' id='word_1_428' title='bbox 717 4215 860 4273; x_wconf 82' lang='lat' dir='ltr'><strong>Laetus.</strong></span> <span class='ocrx_word' id='word_1_429' title='bbox 878 4248 912 4257; x_wconf 96' lang='lat'>—</span> <span class='ocrx_word' id='word_1_430' title='bbox 929 4218 1001 4288; x_wconf 86' lang='lat' dir='ltr'><strong>ideo]</strong></span> <span class='ocrx_word' id='word_1_431' title='bbox 1023 4218 1064 4273; x_wconf 84' lang='lat' dir='ltr'><strong>ita</strong></span> <span class='ocrx_word' id='word_1_432' title='bbox 1081 4218 1215 4275; x_wconf 81' lang='lat' dir='ltr'><strong>Mulier.</strong></span> <span class='ocrx_word' id='word_1_433' title='bbox 1242 4220 1326 4292; x_wconf 85' lang='lat' dir='ltr'><strong>plara</strong></span> 
     </span>
     <span class='ocr_line' id='line_1_41' title="bbox 183 4301 1326 4376; baseline 0.003 -20"><span class='ocrx_word' id='word_1_434' title='bbox 183 4302 353 4359; x_wconf 76' lang='lat' dir='ltr'><strong>intercidisse</strong></span> <span class='ocrx_word' id='word_1_435' title='bbox 369 4308 460 4358; x_wconf 79' lang='lat' dir='ltr'><strong>censat</strong></span> <span class='ocrx_word' id='word_1_436' title='bbox 476 4303 590 4371; x_wconf 78' lang='lat' dir='ltr'><strong>Bergk</strong></span> <span class='ocrx_word' id='word_1_437' title='bbox 606 4301 668 4358; x_wconf 82' lang='lat' dir='ltr'><strong>coll.</strong></span> <span class='ocrx_word' id='word_1_438' title='bbox 685 4302 770 4358; x_wconf 88' lang='lat' dir='ltr'><strong>Festo</strong></span> <span class='ocrx_word' id='word_1_439' title='bbox 786 4319 814 4371; x_wconf 93' lang='lat' dir='ltr'><strong>p.</strong></span> <span class='ocrx_word' id='word_1_440' title='bbox 826 4306 883 4357; x_wconf 88' lang='grc'>186.</span> <span class='ocrx_word' id='word_1_441' title='bbox 901 4333 935 4343; x_wconf 94' lang='grc'><strong>-</strong></span> <span class='ocrx_word' id='word_1_442' title='bbox 952 4306 1051 4369; x_wconf 90' lang='lat' dir='ltr'><strong>artum]</strong></span> <span class='ocrx_word' id='word_1_443' title='bbox 1067 4303 1200 4360; x_wconf 83' lang='lat' dir='ltr'><strong>Jordan</strong></span> <span class='ocrx_word' id='word_1_444' title='bbox 1217 4304 1285 4376; x_wconf 80' lang='lat' dir='ltr'><strong>Top.</strong></span> <span class='ocrx_word' id='word_1_445' title='bbox 1298 4304 1326 4359; x_wconf 91' lang='lat'><strong>11</strong></span> 
     </span>
    </p>
   </div>
   <div class='ocr_carea' id='block_1_5' title="bbox 0 0 1544 5048">
    <p class='ocr_par' dir='ltr' id='par_1_8' title="bbox 0 0 1544 5048">
     <span class='ocr_line' id='line_1_42' title="bbox 0 0 1544 5048; baseline 0 0"><span class='ocrx_word' id='word_1_446' title='bbox 0 0 1544 5048; x_wconf 95' lang='lat' dir='ltr'><strong> </strong></span> 
     </span>
    </p>
   </div>
  </div>
 </body>
</html>
