3038 5048
662 331 753 386 Satura
770 333 866 386 critice.
1245 351 1334 389 nxxnx

186 523 247 563 nam
270 523 362 564 versus
384 514 475 578 aperte
497 508 617 563 senarius
640 517 681 564 est
702 518 729 565 et
751 510 911 567 vocabulum
935 526 1062 583 pugnant
1090 509 1122 565 ab
1146 505 1195 561 hae
1216 522 1246 561 re
1268 505 1335 562 alie-

185 607 265 658 num;
290 589 352 647 alibi
373 590 484 646 meliore
505 591 603 647 iudicio
627 608 693 664 quae
716 609 829 667 prorsus
852 605 980 669 corrupta
1002 604 1029 651 et
1049 596 1151 651 ineerta
1178 597 1242 646 sunt
1269 589 1335 645 reli-

185 676 244 751 quit
272 691 323 731 nec
352 675 379 728 in
407 674 448 729 his
476 674 611 732 silentium
641 685 733 734 tenere
761 677 876 736 dedecus
906 690 959 746 est;
995 679 1103 736 alterius
1131 691 1223 731 versus
1247 674 1335 731 Musae

184 777 236 818 nos
259 776 315 815 non
338 767 470 823 exercent,
495 760 717 833 quemadmodum
741 781 822 837 supra
844 781 875 820 ex
897 762 982 840 §26,
1006 781 1067 820 naun
1088 764 1192 831 integer
1214 766 1263 823 est,
1286 759 1335 814 sed

183 842 372 918 interpretatio
394 841 512 910 laborat;
547 845 612 918 quid
634 847 704 902 enim
726 846 793 905 illud
816 865 908 905 omnes
932 848 1046 906 Graecos
1069 847 1170 904 caelum
1193 841 1334 916 Olympum

149 994 156 1011 ‚
184 925 295 986 maere?
319 927 383 1001 quid
405 944 487 1001 porro
502 928 569 984 illud
581 931 699 1002 potius?
721 933 767 988 sed
783 934 972 1006 corrigendum
988 951 1046 990 esse
1060 939 1178 988 montem
1192 928 1223 982 in
1237 927 1333 984 Maee-

162 1013 290 1083 donia,
313 1029 331 1069 a
355 1026 408 1084 quo
431 1029 524 1069 omnes
543 1015 636 1086 poetis
654 1023 725 1088 puta
749 1018 838 1074 dietas
853 1018 952 1076 Musas
970 1016 1153 1116 Olympiadas
1176 1022 1293 1085 apparet.
1303 1004 1333 1083 *l

270 1095 289 1173 ἓ
318 1100 355 1155 37
394 1094 516 1170 Corpore
550 1101 690 1155 tartariuo
719 1110 864 1175 prognata
894 1105 1005 1176 palude
1037 1105 1153 1175 uirapa,
1192 1096 1333 1152 tantumno

151 1255 152 1258 Ἴ
183 1184 287 1239 dictum
309 1199 328 1237 a
354 1181 484 1237 Tartaro.
528 1183 663 1241 Plutain
686 1185 802 1242 1111ae
828 1189 990 1257 [luminibus
1019 1189 1097 1260 apud
1125 1182 1232 1254 inseras
1262 1194 1333 1252 puae

183 1267 256 1333 sint,
279 1269 310 1324 in
331 1265 376 1322 lais
400 1283 487 1322 unum
513 1268 662 1325 Tartarum
685 1273 828 1344 appellat,
863 1287 952 1345 quare
978 1273 1093 1328 Tartari
1116 1272 1195 1339 oripo
1216 1280 1332 1337 graeca·

848 1361 871 1392 or
1162 1357 1174 1388 ⁰

184 1403 331 1478 simplicem
353 1419 495 1461 numerum
518 1405 562 1460 llll
584 1403 706 1462 librarios
728 1406 794 1463 alios
817 1409 881 1474 llll,
915 1408 980 1466 alios
1003 1416 1033 1464 ut
1057 1408 1102 1481 Vp
1126 1405 1171 1461 llll
1196 1403 1333 1474 interpre-

184 1497 254 1546 tatas
288 1507 347 1546 esse
379 1491 476 1545 mirum
504 1507 559 1546 non
589 1498 644 1555 est,
674 1491 721 1547 sed
749 1492 919 1550 llullaclrium
947 1492 1088 1549 Democriti
1117 1491 1211 1561 fragm.
1240 1503 1267 1558 p.
1291 1488 1329 1543 et

184 1573 273 1630 denuo
303 1575 334 1629 in
363 1581 466 1646 quarto
493 1574 621 1648 probasse
648 1575 723 1632 valde
750 1578 846 1643 miror3
881 1580 940 1652 quis
974 1579 1044 1634 enim
1076 1594 1110 1632 ne
1143 1576 1175 1630 de
1205 1569 1333 1642 Thrasylli

183 1666 269 1715 aetate
291 1659 390 1725 dicam,
425 1659 534 1732 vulgare
555 1659 637 1716 Plato
659 1662 690 1716 in
712 1661 863 1720 Phaedone
884 1672 995 1738 respuet
1017 1673 1043 1718 et
1066 1661 1148 1718 Plato
1177 1660 1207 1714 iu
1230 1660 1331 1724 quarto

183 1740 272 1800 dicet‘i
305 1742 418 1800 debebat
452 1753 525 1800 certe
558 1753 588 1800 ut
616 1744 727 1818 intelligi
757 1757 848 1820 posset
882 1749 978 1806 addere
1009 1749 1122 1820 primae
1156 1739 1330 1810 tetralogiae.

183 1844 279 1884 sensus
302 1838 411 1902 apertus
433 1837 475 1884 est
497 1829 601 1903 etipse
624 1847 684 1886 eum
707 1830 807 1888 dudum
830 1833 957 1906 explicui,
982 1833 1065 1906 prael.
1088 1830 1165 1886 llLlV
1188 1829 1221 1884 de
1244 1822 1330 1878 verbis

82 1931 86 1936 ·
182 1913 214 1968 in
236 1911 280 1968 liis
303 1930 389 1969 unum
411 1912 544 1970 dubitans.
590 1915 773 1971 coniunctivus
795 1917 851 1972 sint
873 1925 1017 1990 prosunt,
1046 1916 1120 1989 quod
1143 1914 1228 1969 Aldus
1251 1907 1330 1973 dedit

183 1997 207 2052 si
228 2013 308 2053 sanus
331 2007 387 2068 est,
410 1997 518 2071 probari
540 2008 644 2071 potest,
672 2000 745 2073 quod
767 2000 885 2056 Platonis
908 2001 986 2057 verba
1010 2001 1155 2103 indicatp.
1182 1998 1240 2055 116
1263 1991 1330 2047 ΒΗ(

136 2156 139 2163 ⁴
183 2075 331 2158 τυγχάνει
361 2078 389 2142 d'
419 2077 481 2162 ἄρα
511 2077 590 2143 ὄντα
621 2082 654 2143 ἐν
684 2077 813 2156 τούτοις
842 2096 911 2157 τοῖς
940 2090 1076 2156 πολλοῖς
1105 2076 1229 2160 τέτταρ’
1252 2071 1330 2137 ἄττα

183 2159 331 2245 ῥεύματα,
371 2166 525 2223 Mullaohl.
547 2168 567 2222 l
590 2168 712 2223 emendat
733 2168 849 2224 Pluto
838 2186 869 2224 an
891 2176 991 2240 quarta
1015 2170 1048 2223 de
1068 2169 1229 2237 staminibus
1252 2161 1331 2233 apud

182 2252 290 2323 inseras
313 2254 427 2323 iaqueus
450 2251 573 2316 dietum,
603 2253 634 2307 in
656 2268 735 2323 quem
761 2268 791 2306 se
820 2253 979 2322 effundunt,
1012 2254 1165 2306 Tartarum
1193 2246 1329 2321 appellat·

183 2345 211 2392 at
234 2336 285 2393 hoc
307 2353 362 2392 non
384 2344 425 2392 est
447 2337 587 2392 emendare
609 2337 657 2392 sed
680 2335 836 2410 explicando
860 2336 1030 2410 interpolare.
1060 2334 1210 2390 mendum
1203 2350 1231 2387 m
1245 2343 1330 2383 unum

182 2421 258 2486 latet,
283 2421 395 2477 fortasse
417 2422 510 2477 sinum
533 2421 720 2494 corrigendum
743 2421 907 2477 cavationem
931 2431 957 2478 et
979 2413 1191 2493 voraginem.**)

268 2504 287 2582 ἕ
310 2508 348 2564 96
371 2507 398 2561 in
421 2505 439 2559 F
463 2513 489 2561 et
510 2507 669 2579 apographis
691 2506 729 2561 sic
749 2514 885 2562 servatus:

331 2590 409 2662 apud
429 2589 566 2647 Matium:

387 2674 502 2730 obsceni
522 2675 662 2747 interpres
683 2675 843 2747 funestique
866 2675 923 2730 ories
947 2682 1046 2729 auctor

183 2759 331 2814 obscenum
354 2759 456 2814 dietum
479 2761 514 2814 ad
538 2776 638 2824 scena,
672 2776 704 2814 aa
727 2766 757 2813 ut
782 2758 867 2814 Greci
889 2767 938 2815 aut
959 2757 1060 2813 Accius
1082 2759 1180 2814 stridit
1207 2774 1328 2825 scaena:

182 2844 213 2899 in
233 2844 364 2915 pluribus
385 2844 478 2899 cerdis
501 2861 520 2899 a
543 2852 608 2900 ante
631 2861 645 2898 e
668 2845 720 2900 aiii
739 2852 862 2917 panant,
898 2845 951 2900 alii
972 2859 1043 2908 non,
1078 2851 1108 2899 ut
1131 2846 1206 2915 quad
1222 2844 1330 2916 partim

184 2928 281 2984 meunt
305 2933 460 2999 sceptrum,
485 2929 537 2984 aiii
559 2929 656 2985 Plauti
684 2928 916 3000 faeneratricern,
951 2929 1004 2983 alii
1024 2927 1254 2999 foenerandum,
1288 2929 1329 2984 sie

180 3011 334 3084 faenisicia
357 3029 391 3067 ae
412 3012 578 3084 faenisicia,
613 3030 647 3077 ae
669 3015 768 3070 rustici
787 3030 915 3088 pappum
936 3013 1085 3078 maesiam,
1108 3032 1165 3070 nou
1187 3015 1328 3078 moenium,

182 3113 201 3154 a
224 3112 278 3169 quo
302 3097 428 3153 Lucilius
451 3099 566 3154 scribit:

541 3181 660 3237 Ceaitius
682 3198 717 3237 ne
739 3183 859 3238 rusticus
880 3185 939 3256 fiat,

181 3281 269 3338 quare
291 3271 372 3338 turpe
393 3267 456 3321 ideo
479 3268 641 3322 odserraurn
662 3268 738 3337 quod
758 3268 814 3322 nisi
836 3268 867 3322 iu
888 3284 1020 3323 scaenam
1039 3269 1139 3339 palam
1160 3284 1216 3323 non
1239 3267 1327 3322 dedet.

177 3356 271 3422 potest
302 3351 347 3406 uei
379 3351 415 3406 ad
450 3367 482 3405 eo
517 3352 591 3423 quod
619 3352 740 3423 puerilis
774 3353 916 3424 turpicula
948 3369 994 3407 res
1026 3353 1057 3407 in
1089 3352 1161 3408 colio
1191 3353 1329 3423 quaedam

183 3435 377 3507 suspenditur,
411 3451 446 3491 ne
474 3437 543 3507 quid
570 3436 643 3491 adsit
671 3436 782 3491 udonae
803 3452 903 3491 saeuae
926 3452 1015 3492 eausa
1036 3437 1150 3492 scevola
1172 3436 1329 3508 appellata.

184 3535 219 3576 ea
241 3521 318 3575 dicta
340 3520 376 3575 ad
399 3535 503 3575 scaeua
525 3521 556 3576 id
578 3528 618 3576 est
639 3519 774 3584 sinistra,
810 3522 885 3592 quod
912 3538 984 3593 puae
1012 3522 1132 3577 sinistra
1159 3527 1225 3575 sunt
1255 3519 1329 3575 dona

182 3604 314 3676 auspicia
343 3604 555 3669 edistimantur,
590 3621 608 3660 a
638 3620 691 3675 quo
721 3605 825 3660 dicitur
851 3606 965 3661 comitia
987 3606 1099 3661 aliudve
1121 3604 1189 3674 quid
1209 3603 1246 3658 sit
1268 3603 1329 3659 diui

182 3688 237 3744 Aut
251 3688 370 3744 sinistra
385 3704 458 3759 quae
473 3705 547 3745 nune
571 3696 619 3755 est,
642 3691 674 3744 id
696 3705 714 3744 a
735 3705 818 3761 preco
842 3697 890 3754 est,
914 3692 988 3761 quod
1009 3689 1039 3746 tn·
1060 3689 1205 3745 sinistrum
1226 3693 1329 3743 uocant

181 3789 275 3829 sceau.
316 3771 397 3841 Quae
419 3775 494 3844 quod
516 3774 578 3829 diui
599 3789 709 3829 saevum
732 3790 811 3829 omen
833 3781 875 3829 est
897 3790 976 3829 amen
999 3781 1087 3847 turpe,
1111 3772 1185 3842 quad
1205 3771 1279 3826 unde
1300 3772 1331 3828 id

182 3857 285 3914 dicitur
307 3873 338 3912 aa
359 3873 438 3914 rnene
460 3859 534 3931 quad
556 3858 695 3915 extritum.

249 4070 273 4136 *t
292 4073 350 4136 [ego
368 4071 445 4122 aliem
463 4068 614 4122 emendandi
632 4070 700 4121 viam
718 4070 847 4151 ingressus
859 4069 885 4121 in
898 4068 1010 4122 editione
1022 4066 1112 4134 scripsi
1124 4068 1220 4120 dieunt
1233 4069 1329 4124 θνατοί

184 4138 324 4206 Olympum
341 4156 357 4190 a
375 4141 474 4191 montis
491 4142 521 4189 in
538 4137 696 4189 Macedonia
713 4140 828 4204 uomina,
847 4155 863 4189 a
882 4153 934 4203 quo
971 4137 1048 4187 atius.
1152 4135 1183 4190 A
1202 4137 1245 4190 S.

233 4205 275 4269 **)
294 4206 371 4272 [coni.
392 4206 503 4259 Christ
520 4203 622 4259 Platon
641 4203 713 4257 Siud.
730 4205 797 4257 666.
810 4175 835 4258 ‹t'
847 4137 1327 4259 66666188616666661Β6.

180 4274 295 4331 unuin.
313 4273 340 4329 S.
358 4277 407 4328 455
426 4274 454 4338 l.]
