3038 5048
478 326 591 381 LIBER
609 326 776 395 QUINTUS.
812 328 957 396 §to-32.
1248 326 1286 386 13

146 497 316 564 Volturnus
344 497 425 564 nihil
449 497 493 563 ad
514 497 647 563 latinam
676 497 831 581 linguam-3
861 503 896 563 at
923 496 1010 580 quod
1029 496 1210 583 proximum
1233 519 1287 582 op·

143 598 254 683 pidum
276 600 318 665 ab
341 620 379 666 eo
401 597 574 666 seeundum
595 617 683 664 mare
704 598 908 681 Volturnum,
937 598 979 666 ad
999 618 1057 666 nos
1078 597 1143 664 iam
1166 597 1221 682 [ad
1242 599 1287 665 la·

144 697 257 783 tinum]
280 701 473 768 vocabulum
495 707 529 767 ut
551 698 694 766 Tiberini
715 720 840 768 nomen.
875 705 907 768 et
928 699 1053 767 colonia
1075 700 1159 767 enim
1180 704 1288 767 nostra

145 801 332 868 Volturnum
354 806 387 868 et
408 801 488 869 deus
509 801 687 869 Tiberinus.
731 801 798 869 Sed
819 800 860 868 de
874 801 1000 868 Tiberis
1021 801 1147 869 nomine
1168 822 1288 887 anceps
1309 805 1330 885 ἓ
1354 808 1394 871 30

106 916 121 965 e
144 901 285 970 historia.
330 923 403 970 nam
431 910 463 972 et
484 923 576 971 suum
598 902 725 970 Etruria
755 911 787 972 et
808 903 936 970 Latium
964 922 1056 969 suum
1084 921 1155 971 esse
1176 903 1287 988 eredit,
1307 919 1440 973 (ruwet

145 1003 233 1086 quod
260 1005 387 1071 fuerunt
415 1006 469 1088 qui
498 1006 540 1072 ab
560 1005 680 1072 Thebri
702 1004 806 1071 vicino
828 1007 939 1091 regulo
961 1004 1130 1073 Veientum
1153 1005 1291 1073 dixerint

145 1107 344 1193 appellatum
354 1107 456 1194 primo
471 1107 634 1175 Thebrim.
671 1114 745 1174 sunt
767 1105 822 1191 qui
838 1103 1001 1192 [Tiberim]
1017 1107 1158 1192 priscum
1173 1129 1289 1176 nomen

145 1208 279 1276 latinum
289 1210 441 1276 Albulam
453 1210 627 1276 vocitatum
642 1209 757 1276 litteris
772 1207 970 1292 tradiderint,
988 1210 1145 1294 posterius
1161 1217 1290 1294 propter

145 1310 331 1378 Tiberinum
345 1330 454 1393 regem
469 1311 654 1378 Latinorum
668 1318 834 1395 mutatum,
857 1309 944 1393 quod
960 1310 1007 1376 ibi
1021 1310 1192 1396 interierit;
1214 1332 1289 1378 nam

92 1421 121 1472 ro
143 1411 205 1479 hoo
227 1413 295 1479 eius
317 1420 352 1480 ut
373 1413 501 1481 tradunt
523 1414 711 1497 sepulerum.

230 1521 259 1581 5.
281 1515 326 1582 Ut
347 1515 450 1582 omnis
472 1521 586 1581 natura
612 1515 646 1579 in
668 1515 793 1582 eaelum
815 1521 847 1581 et
875 1520 991 1579 terram
1014 1512 1119 1582 divisa
1148 1521 1211 1600 est,
1241 1514 1287 1583 sia
1308 1521 1329 1600 g
1353 1520 1390 1582 31

144 1616 227 1683 caeli
248 1617 430 1698 regionibus
452 1623 537 1685 terra
558 1616 591 1683 in
606 1615 717 1682 Asiam
739 1620 772 1682 et
786 1616 956 1699 Europam.
999 1615 1079 1683 Asia
1101 1617 1185 1683 enim
1206 1617 1290 1685 iaoet

143 1716 186 1783 ad
208 1719 373 1785 meridiem
395 1725 428 1785 et
458 1724 612 1800 austrum,
642 1718 770 1802 Europa
798 1716 841 1782 ad
868 1718 1111 1803 septemtriones
1139 1726 1172 1787 et
1200 1719 1289 1801 aqui·

144 1818 260 1886 lonem.
296 1819 375 1886 Asia
397 1818 482 1885 diota
503 1819 545 1884 ab
568 1818 720 1905 nympha,
743 1839 763 1883 a
786 1838 849 1901 qua
871 1825 901 1885 et
922 1822 1035 1903 Iapeto
1057 1820 1193 1888 traditur
1213 1823 1290 1888 Pro·
1304 1839 1370 1891 (nu
1384 1835 1442 1890 snb

93 1929 121 1980 15
142 1922 296 1988 matheus.
345 1920 473 2005 Europa
506 1922 548 1987 ab
577 1922 705 2006 Europa
734 1920 903 2004 Agenoris,
937 1940 1033 2003 quam
1062 1942 1102 1988 ex
1129 1922 1289 1991 Phoenice
1310 1928 1330 2006 ὅ
1353 1929 1392 1991 32

142 2022 280 2089 Manlius
308 2022 418 2089 soribit
445 2029 571 2089 taurum
601 2027 802 2106 exportasse,
833 2042 965 2105 quorum
994 2022 1156 2106 egregiam
1177 2024 1290 2109 imagi-

142 2144 215 2191 nem
243 2145 284 2191 ex
311 2143 386 2191 aere
408 2123 609 2209 Pythagoras
637 2123 777 2189 Tarenti.
822 2124 970 2209 Europae
997 2126 1069 2190 loca
1096 2126 1216 2193 multae
1243 2126 1289 2192 in·

142 2226 249 2292 solunt
270 2227 424 2293 nationes.
469 2246 508 2292 aa
528 2229 594 2294 lere
616 2225 780 2292 nominata
801 2229 856 2291 aut
877 2225 1073 2291 translaticio
1095 2226 1223 2293 nomine
1245 2228 1287 2293 ab

143 2326 325 2394 hominibus
354 2334 388 2394 ut
411 2326 523 2395 Sabini
552 2335 585 2393 et
606 2326 742 2410 Luoani,
771 2333 827 2393 aut
855 2326 1014 2394 declinato
1037 2328 1079 2392 ab
1100 2307 1443 2414 hominibus,{}2{{5¹,}3ll

91 2439 121 2490 ro
142 2433 177 2493 ut
190 2429 309 2512 Apulia
331 2434 362 2496 et
384 2430 520 2509 Latium,
545 2427 621 2514 [aet]
644 2436 811 2510 utrumque
831 2435 867 2494 nt
881 2428 1007 2495 Etruria
1030 2433 1061 2495 et
1076 2428 1181 2494 Tusci.
1218 2428 1290 2506 Qua

230 2568 242 2617 1
261 2563 346 2617 nichil
357 2563 389 2618 F.
411 2593 441 2603 -
461 2564 499 2632 at]
518 2564 554 2617 ad
566 2562 598 2616 F.
617 2595 649 2603 —
669 2565 731 2618 tad
743 2564 867 2629 latinum]
884 2560 962 2634 ‘sort
976 2564 1012 2618 ad
1022 2559 1144 2618 Latium’
1158 2563 1239 2633 LSp.,
1258 2570 1290 2623 ut

141 2647 257 2701 latinum
268 2647 400 2702 Mttller.
424 2664 476 2718 eqo
484 2647 583 2702 seclusi
591 2652 621 2702 ut
629 2651 734 2719 spuria.
746 2679 781 2690 -
793 2653 807 2703 3
822 2648 945 2705 Tiberini
955 2653 1062 2713 nomen]
1074 2649 1182 2719 scripsi,
1194 2649 1289 2704 tiberi·

142 2747 195 2786 nus
219 2737 302 2798 (corn
321 2749 359 2787 ex
380 2731 535 2798 tiberinum]
553 2736 571 2785 d
589 2732 622 2802 F,
645 2733 778 2789 tiberinus
801 2750 858 2791 non
875 2734 998 2790 ueteri.
1032 2729 1113 2803 ‘fort
1133 2732 1287 2788 Tiberinus.

142 2831 233 2870 nonne
251 2812 289 2872 et‘
308 2816 380 2886 LSp.
397 2847 430 2857 -
447 2820 464 2870 4
482 2816 655 2883 Volturnum]
668 2825 828 2889 postremae
852 2819 958 2874 litterae
974 2823 1041 2873 uota
1062 2817 1185 2874 dubitari
1195 2823 1289 2889 potest

141 2905 234 2954 utrum
251 2916 264 2954 s
282 2918 320 2956 an
336 2901 462 2957 mritis
480 2901 512 2971 F,
530 2904 615 2958 ceteri
635 2908 708 2958 certe
725 2920 819 2958 omnes
835 2904 995 2971 uultumus3
1020 2919 1091 2957 corr.
1109 2903 1183 2975 vulp.
1201 2919 1239 2958 ex
1255 2905 1287 2958 B.

141 3013 176 3023 -
193 2988 208 3037 5
226 3000 290 3041 nam
306 3002 385 3041 suum
403 2986 469 3042 GH.
493 3016 528 3027 -
546 2990 561 3039 6
579 2986 732 3053 Veientum]
756 2988 842 3058 vulg.
874 2987 1022 3043 ueientinm
1040 3004 1066 3057 a,
1090 2988 1247 3044 uenientum
1264 2988 1288 3043 F

109 3062 124 3097 ¹
141 3085 202 3123 oum
220 3071 291 3135 aliis,
308 3071 468 3127 vinientium
486 3072 563 3127 G.—
581 3072 682 3128 dixerit
698 3087 724 3140 a,
742 3072 871 3128 dixerunt
888 3072 982 3127 GHb.
995 3103 1025 3112 -
1044 3073 1238 3143 tappellatam
1255 3071 1289 3142 F,

142 3142 307 3259 appellallnh
324 3190 358 3257 V,
376 3190 514 3261 appellata
537 3207 599 3246 sum
617 3209 644 3261 p.
662 3221 697 3233 —-
715 3191 844 3256 Tiberim]
861 3188 921 3247 ‘aut
937 3191 989 3246 del.
1008 3197 1058 3247 aut
1081 3191 1188 3247 Tiberis
1205 3191 1287 3246 scrib.

142 3289 202 3327 eum
220 3271 315 3344 vulg?
335 3276 407 3345 LSp.
425 3308 459 3316 -
477 3281 492 3331 8
510 3278 683 3333 tradiderunt
701 3276 894 3347 GHMVap,
912 3277 1026 3332 uadunt
1042 3277 1131 3346 vulg.
1149 3293 1187 3332 ex
1204 3277 1236 3330 B.
1254 3305 1289 3316 -

143 3361 158 3410 9
176 3357 345 3425 Latinorum]
363 3362 471 3416 Servius
485 3361 554 3416 Aen.
568 3365 593 3429 3,
606 3366 654 3416 500
666 3361 843 3428 Albanorum,
860 3361 909 3416 sed
917 3361 993 3431 conf.
1010 3361 1082 3416 idem
1100 3361 1138 3416 ad
1148 3365 1172 3429 8,
1182 3364 1241 3414 300.
1253 3391 1289 3400 —

145 3446 176 3496 10
195 3443 368 3512 sepulchrum
386 3447 417 3500 F.
435 3477 470 3487 -
489 3450 520 3500 13
538 3448 680 3510 Austrum]
698 3445 805 3499 Eurum
821 3445 854 3513 B,
871 3445 1133 3501 Rholandellns.
1152 3476 1185 3485 -
1205 3449 1289 3500 1401

142 3541 197 3594 qua
214 3528 302 3596 vulg.
328 3545 365 3583 ex
382 3532 415 3585 B.
432 3560 467 3571 ·-
489 3531 609 3586 trahitur
626 3530 665 3598 M
683 3530 822 3584 Laetus.
841 3560 874 3568 -
895 3534 925 3585 15
944 3531 978 3585 ab
1001 3533 1114 3599 europa]
1133 3530 1157 3584 F
1179 3530 1209 3582 in
1230 3546 1287 3584 ras.

142 3641 177 3652 -
193 3611 327 3680 Agenoris
344 3613 403 3669 filia
419 3616 559 3672 Laetus.
577 3646 611 3655 -
628 3614 718 3670 fenice
734 3614 767 3668 E.
791 3645 824 3653 -
848 3618 880 3668 16
898 3615 1025 3679 manlius]
1044 3615 1077 3683 F,
1100 3614 1212 3668 Mallius
1229 3613 1287 3683 Mb,

142 3695 286 3765 Laetus,
299 3697 429 3754 Manilius
442 3699 621 3754 Bentinus.
639 3699 717 3768 conf.
730 3699 906 3753 Mommsen
917 3700 989 3754 Mus.
1002 3699 1091 3754 Rhen.
1102 3703 1134 3752 16
1147 3715 1173 3767 p.
1188 3701 1238 3752 284
1247 3714 1287 3768 sq.

141 3812 176 3821 -
195 3787 226 3836 17
244 3786 390 3853 pytagoras
407 3783 440 3837 F.
458 3815 492 3824 —
511 3783 633 3848 Tarenti]
652 3783 766 3839 Tarenti
777 3783 844 3839 feeit
855 3784 999 3851 Laetus,
1017 3782 1093 3853 quod
1101 3784 1203 3854 probat
1215 3783 1286 3854 LSp.

142 3895 176 3907 -
203 3871 234 3921 18
261 3867 441 3933 translaticio]
463 3867 496 3935 F,
526 3869 669 3925 translatio
693 3868 830 3938 GHMV,
853 3868 999 3923 traslatitio
1022 3883 1048 3922 a.
1068 3869 1152 3922 -ab
1170 3867 1287 3924 homini-

143 3951 195 4006 bus
206 3952 216 4020 l]
228 3952 397 4008 nominatum
413 3953 499 4009 libri
514 3954 595 4024 foliis
612 3945 739 4010 traiectio.
765 3954 826 4008 vide
836 3970 923 4025 supra
934 3952 973 4007 ad
984 3954 1001 4021 ἦ
1013 3956 1055 4020 23,
1073 3951 1146 4008 uode
1157 3954 1186 4008 io
1197 3970 1286 4026 marg.

142 4053 176 4105 p:
194 4036 279 4091 deest.
298 4037 332 4092 de
350 4054 454 4108 europa
470 4039 506 4094 ad
523 4040 618 4095 urbem
637 4039 768 4095 transitus
786 4038 952 4107 imperfecte.
965 4065 998 4077 -
1012 4041 1045 4091 19
1057 4040 1088 4092 ut
1099 4037 1203 4106 Sabini]
1223 4041 1288 4094 sunt

142 4123 193 4175 aut
212 4136 231 4175 a
251 4138 282 4176 re
305 4125 337 4176 ut
360 4123 455 4178 Sabini
471 4123 557 4192 vulg.
576 4140 614 4178 ex
631 4124 663 4177 B.
681 4154 714 4163 —
732 4123 870 4179 declinata
892 4123 979 4190 vulg.
997 4137 1035 4175 ex
1051 4122 1084 4175 B.
1103 4153 1137 4162 -
1155 4126 1188 4177 20
1210 4120 1287 4193 apuli

143 4221 214 4259 corr.
228 4221 265 4260 ear
276 4207 405 4275 apuliaF
423 4209 539 4276 (droth),
557 4209 651 4279 apulia
662 4208 686 4262 E
697 4207 787 4274 (Keil).
805 4238 840 4248 -
861 4212 910 4263 aut
927 4210 1082 4276 utrumque]
1100 4206 1177 4280 apud
1192 4207 1285 4278 Augu·

141 4289 253 4356 stiuam,
272 4295 416 4360 utrumque
434 4290 529 4347 libri.
549 4324 582 4334 -
600 4293 692 4357 Tusci]
711 4292 882 4360 Scaliger,
899 4291 989 4346 tuscia
1006 4291 1099 4347 libri.
