3038 5048
453 326 566 383 LIBER
584 325 774 384 SEPTIMUS.
810 329 888 397 528.
1179 327 1239 388 129

224 496 357 564 divum
381 505 513 584 empta
535 505 672 583 cante,
695 497 829 566 divum
852 499 924 568 deo
945 498 1216 585 supplicante.

182 600 218 665 ln
239 599 379 667 carmine
399 600 519 668 Priami
541 601 627 685 quod
648 606 712 669 est:
1263 603 1282 682 §
1305 604 1345 668 28

139 697 323 786 [veteres]
346 700 560 770 Casmenas
582 723 738 771 cascum
760 725 840 772 rem
862 704 954 794 volo
976 703 1193 789 profarier.

95 804 232 888 primum
260 804 395 871 Cascum
422 804 581 887 significat
602 812 709 892 vetus,
741 805 880 874 secundo
908 806 976 873 eius
1003 805 1092 890 origo
1118 806 1392 890 savinae-mser

59 916 178 987 oquae
205 925 307 988 usque
335 905 461 974 radices
493 906 527 973 in
555 928 664 975 oscam
696 908 837 995 linguam
866 908 949 993 egit3
983 908 1118 976 Cascum
1147 914 1241 975 vetus

96 1026 168 1074 esse
190 1007 349 1093 siguificat
369 1008 491 1077 Ennius
513 1008 598 1092 quod
620 1011 680 1078 ait:

223 1107 345 1187 Quam
369 1111 499 1196 prisci
520 1112 631 1180 casci
652 1113 795 1198 populi
816 1131 991 1196 genuere
1014 1111 1160 1179 Latini.

95 1210 143 1276 Eo
165 1210 269 1294 magis
291 1212 440 1280 Manilius
462 1214 549 1296 quod
569 1213 630 1280 ait:

224 1313 392 1381 Cascam
414 1313 584 1383 duxisse
607 1335 763 1382 cascum
785 1335 859 1382 non
882 1314 1076 1382 mirabile
1098 1322 1169 1399 est,

45 1425 74 1477 10
222 1414 416 1494 Quoniam
440 1417 624 1486 cariosas
645 1417 899 1484 conficiebat
920 1417 1097 1502 nuptias.
1278 1492 1281 1499 ,

95 1514 175 1582 Item
202 1517 342 1585 ostendit
369 1519 485 1605 Papini
513 1520 793 1605 epigrammation,
827 1518 913 1603 quod
941 1519 974 1583 in
1001 1519 1238 1586 adolescentem
1248 1533 1327 1585 (nott
1335 1531 1393 1586 snb

94 1619 215 1686 fecerat
236 1621 384 1688 Cascam:
1012 1693 1014 1697 .

137 1719 368 1790 Ridiculum
390 1730 465 1810 est,
488 1744 572 1791 cum
594 1730 633 1791 te
655 1725 820 1793 Cascam
843 1731 910 1792 tua
932 1722 1035 1791 dicit
1056 1724 1194 1807 amica,

178 1954 203 2012 10
220 1955 266 2013 fol.
288 1957 470 2028 requescet
488 1998 496 2014 .
514 1999 521 2014 .
541 1999 548 2013 .
566 1959 616 2014 scd
632 1962 731 2016 acutus

164 2162 291 2232 tempta]
309 2163 527 2234 extaLactus‚
545 2180 588 2219 em
599 2165 763 2234 pchrgk
780 2165 873 2220 Zachr.
887 2165 907 2219 f.
920 2165 976 2221 Alt.
991 2167 1057 2220 1856
1068 2182 1096 2234 p.
1108 2167 1167 2218 138.
1182 2168 1239 2219 llo.

94 2276 128 2286 —
145 2247 206 2313 deo]
219 2248 255 2302 do
267 2247 299 2303 F.
317 2279 352 2289 -
370 2250 492 2319 supplice
504 2254 585 2306 caute
596 2250 635 2317 M,
653 2249 796 2318 Laetus,
815 2250 951 2321 supplices
969 2253 1049 2305 caute
1065 2250 1099 2303 B.
1118 2280 1149 2288 -
1168 2252 1184 2303 2
1201 2248 1240 2313 in]

93 2348 113 2385 n
128 2331 162 2387 G.
180 2363 213 2372 -
231 2333 339 2403 priami]
350 2341 420 2406 post
430 2335 483 2391 boc
494 2334 652 2392 vccabulum
670 2337 698 2389 ln
710 2335 734 2390 F
748 2336 827 2390 tertie
844 2336 906 2406 fere
922 2333 1003 2389 buius
1019 2349 1114 2390 versus
1127 2350 1198 2406 pars
1213 2339 1241 2387 et

91 2417 217 2488 proximi
229 2435 324 2474 versus
335 2424 398 2486 tres,
416 2421 466 2490 qui
475 2428 539 2476 sunt
550 2423 609 2477 eius
624 2420 691 2492 folii
701 2421 843 2491 postremi,
861 2419 942 2475 saeui
951 2419 1041 2474 relicti
1050 2422 1122 2473 sunt.
1140 2418 1240 2475 lacuna

94 2501 209 2556 demum
224 2503 288 2574 sere
304 2504 497 2561 vocabulorum
514 2522 609 2577 capax
625 2507 653 2560 ln
669 2505 715 2574 Μ,
732 2508 820 2561 maior
837 2507 866 2560 ire
883 2505 916 2560 V.
934 2506 980 2559 hic
997 2503 1090 2560 deficit
1106 2519 1193 2574 mcrq.
1210 2521 1239 2574 p.

93 2587 197 2642 ruoilum
216 2588 331 2645 lacunae
348 2591 489 2661 cesliqr'um
506 2590 536 2645 ire
554 2592 657 2646 ceteris.
683 2591 782 2662 priami
804 2592 879 2661 apud
900 2590 1015 2645 Accium
1038 2589 1178 2647 Laetus.
1205 2619 1240 2628 -

93 2677 137 2728 est
147 2689 199 2728 om.
211 2674 250 2729 M.
268 2705 303 2715 -
320 2680 335 2729 3
348 2679 461 2739 veteres]
474 2675 567 2741 delevi,
585 2676 619 2730 de
631 2692 685 2746 quo
698 2678 780 2731 elium
791 2677 852 2747 LSp
866 2676 1042 2745 copilcuerct.
1060 2705 1094 2714 -
1111 2691 1240 2730 camenae

94 2755 267 2828 Scaliger,
280 2775 422 2816 casmenae
434 2760 627 2831 Scioppius.
640 2792 672 2801 -
686 2777 781 2818 cascar
792 2778 837 2817 res
849 2761 888 2828 M,
900 2760 1043 2816 Laetus.
1060 2791 1092 2799 —
1104 2758 1239 2829 profarier

95 2843 266 2913 Scaliger,
283 2845 390 2914 profari
407 2850 434 2901 ct
450 2845 541 2900 libri
560 2861 654 2902 versus
665 2845 718 2902 eid.
736 2847 938 2911 essesenarr'us,
957 2862 1121 2916 quemquam
1135 2843 1241 2900 Priami

94 2945 202 2984 camere
220 2946 284 2983 mum
301 2931 398 2987 iambis
409 2931 587 3004 compositum
603 2931 815 3001 fueritdubites.
833 2933 861 2986 in
876 2931 945 2987 libro
960 2929 1146 3003 Stepbcrriauo
1162 2931 1240 3002 frop.

92 3019 165 3086 poet.
183 3014 229 3070 lat.
248 3016 298 3086 qui
307 3015 399 3071 Lucae
410 3016 533 3072 Ir'ruterr'i
548 3015 655 3072 videtur
670 3017 759 3087 fuisse
774 3016 874 3088 dactyl.
893 3018 1013 3072 numeris
1030 3018 1070 3071 sie
1088 3022 1240 3071 correctum

95 3104 147 3154 est:
165 3101 311 3156 Casmenas
323 3105 427 3157 ueteres
440 3117 535 3158 rascas
546 3118 590 3157 res
602 3101 666 3158 nolo
677 3101 790 3172 profari.
810 3101 907 3157 licebat
922 3103 1002 3157 etiam
1014 3101 1123 3157 Profari
1134 3107 1239 3158 veteres

96 3186 241 3242 Casmenas
258 3203 316 3242 rem
327 3188 388 3242 uolo
400 3202 516 3242 cascum.
536 3186 683 3243 Scluraios
691 3187 794 3259 probol
807 3187 932 3243 Christ.
947 3217 978 3226 -
997 3187 1149 3258 lprimum]
1162 3187 1239 3242 Pria·

94 3287 167 3325 mum
184 3271 347 3339 Scaliger.
367 3303 399 3311 -
418 3273 538 3327 secundo
556 3272 608 3328 del.
627 3273 762 3328 Miller.
775 3304 808 3312 -
821 3272 919 3328 sauina
935 3271 1062 3341 FMVp.
1081 3303 1114 3310 -
1133 3278 1239 3327 boscus

95 3356 201 3424 linguas
213 3356 251 3409 M.
272 3387 304 3394 -
323 3362 337 3410 7
354 3357 422 3427 fort.
435 3357 520 3427 prisci
536 3357 632 3428 populi
650 3358 732 3412 caeci.
751 3389 785 3398 —
802 3361 929 3428 genuere]
941 3362 1054 3414 tenuere
1069 3358 1238 3421 Columna,

94 3439 228 3495 Vahlen
244 3440 317 3495 Eun.
335 3457 398 3496 ann.
417 3459 442 3497 v.
455 3446 497 3496 24.
516 3474 549 3481 -
568 3446 638 3509 Sco]
656 3459 706 3512 ego
717 3442 757 3496 M.
775 3437 854 3514 ‘sort
867 3440 906 3498 ct'
920 3443 991 3514 LSp.
1013 3474 1044 3482 -ν
1064 3447 1095 3497 10
1108 3441 1238 3504 curiosas]

95 3525 167 3594 LSp,
184 3524 318 3580 Lachm.
337 3526 409 3581 Mus.
427 3527 516 3582 Rhen.
529 3527 594 3583 XVI
610 3546 639 3598 p.
652 3533 710 3597 285,
728 3527 849 3583 cariores
866 3528 899 3596 F,
918 3528 1037 3583 cariores
1055 3527 1103 3595 ab,
1122 3542 1238 3581 canoras

95 3611 133 3678 M,
150 3611 298 3678 Laetus,
317 3610 405 3666 caries
425 3612 645 3681 easUrsinus,
665 3613 1024 3683 CharoneasScioppius.
1043 3612 1117 3682 cons.
1131 3612 1236 3664 Burm.

95 3695 207 3751 Anthol.
219 3697 241 3764 I,
255 3699 312 3750 613.
332 3726 364 3736 -
385 3699 413 3749 11
428 3696 536 3766 Papini]
548 3698 653 3769 papinii
665 3697 809 3766 Laetus,
829 3714 881 3752 om.
899 3714 926 3766 p.
946 3728 978 3736 -
996 3695 1128 3752 Priscian.
1142 3696 1191 3764 111,
1206 3699 1234 3748 11

94 3797 121 3850 p.
140 3786 172 3836 9⁰
191 3781 242 3836 H.:
268 3775 454 3836 ‘vetustissimi
471 3798 613 3837 commune
629 3783 798 3853 accipientes
820 3783 865 3836 hic
884 3786 912 3838 et
928 3783 997 3837 hacc
1015 3797 1098 3836 senex
1114 3780 1236 3851 profere-

96 3868 168 3921 bant.
193 3865 344 3936 Pompilius
365 3866 394 3920 in
417 3867 611 3936 epigrammate
634 3868 707 3937 quod
730 3869 768 3922 M.
787 3867 875 3921 Varro
899 3867 928 3920 in
951 3867 1029 3922 libris
1051 3866 1099 3935 qui
1121 3870 1186 3921 sunt
1202 3866 1237 3921 de

95 3950 188 4020 lingua
203 3951 291 4007 latine
307 3951 407 4007 refert:
434 3955 484 4007 tua
501 3952 590 4007 amica
607 3949 702 4009 sencx'
727 3953 776 4007 ubi
791 3951 938 4020 Pompuius
955 3957 1048 4007 exstat
1065 3951 1093 4004 ire
1111 3951 1142 4019 P,
1160 3951 1236 4022 corf.

95 4035 206 4091 Hertz.
242 4036 305 4092 inde
321 4037 454 4105 Pomponi
477 4037 630 4109 complures
652 4037 828 4109 scripserunt.
856 4067 889 4076 -
914 4036 1146 4105 epigrammafion]
1174 4036 1197 4089 P
1206 4036 1237 4090 M

95 4121 155 4190 Vp,
172 4118 401 4196 ἐπιγραμμάτιον
417 4121 478 4191 Hs,
496 4122 597 4178 lacuna
614 4124 643 4177 in
661 4122 720 4178 (ib.
739 4153 773 4162 —
790 4124 991 4180 adulescentem
1009 4121 1043 4176 H.
1067 4151 1101 4160 —
1126 4125 1157 4176 12
1176 4138 1236 4177 cas·

96 4207 167 4275 cam]
186 4208 324 4264 caseolum
342 4208 375 4264 G.
402 4238 436 4247 -
465 4211 494 4262 13
512 4207 595 4263 amici
616 4207 650 4277 F,
677 4224 748 4263 corr.
770 4208 896 4264 Laetus
920 4222 980 4260 cum
1004 4208 1036 4261 B.
1070 4202 1151 4277 ‘fort
1176 4224 1236 4262 cum

96 4290 260 4362 Scioppio
278 4294 396 4349 fecerat:
415 4294 528 4348 Cascam
546 4293 692 4349 ridiculum
713 4297 756 4348 cst
773 4309 834 4348 eum
851 4295 879 4346 te
896 4295 945 4347 tue
962 4291 1030 4349 dicit
1047 4286 1145 4347 amice'
1165 4292 1235 4362 LSp.

147 4390 215 4439 Sper
223 4389 278 4441 gel.
291 4389 358 4433 suro
370 4389 398 4430 de
411 4389 488 4442 lingua
500 4388 577 4430 lulius.
1017 4382 1033 4432 9
