<?xml version="1.0" encoding="UTF-8"?>
<!DOCTYPE html PUBLIC "-//W3C//DTD XHTML 1.0 Transitional//EN"
    "http://www.w3.org/TR/xhtml1/DTD/xhtml1-transitional.dtd">
<html xmlns="http://www.w3.org/1999/xhtml" xml:lang="en" lang="en">
 <head>
  <title>
</title>
<meta http-equiv="Content-Type" content="text/html;charset=utf-8" />
  <meta name='ocr-system' content='tesseract 3.04.00' />
  <meta name='ocr-capabilities' content='ocr_page ocr_carea ocr_par ocr_line ocrx_word'/>
</head>
<body>
  <div class='ocr_page' id='page_1' title='image "./mterentivarroni00varrgoog/mterentivarroni00varrgoog_0361.png"; bbox 0 0 3038 5048; ppageno 0'>
   <div class='ocr_carea' id='block_1_1' title="bbox 173 283 984 352">
    <p class='ocr_par' dir='ltr' id='par_1_1' title="bbox 173 283 984 352">
     <span class='ocr_line' id='line_1_1' title="bbox 173 283 984 352; baseline -0.007 -9"><span class='ocrx_word' id='word_1_1' title='bbox 173 285 234 344; x_wconf 80' lang='lat' dir='ltr'>auo</span> <span class='ocrx_word' id='word_1_2' title='bbox 503 283 807 341; x_wconf 80' lang='lat' dir='ltr'>urssunnormus.</span> <span class='ocrx_word' id='word_1_3' title='bbox 843 285 984 352; x_wconf 72' lang='lat' dir='ltr'>§un-u.</span> 
     </span>
    </p>
   </div>
   <div class='ocr_carea' id='block_1_2' title="bbox 20 455 1381 2558">
    <p class='ocr_par' dir='ltr' id='par_1_2' title="bbox 20 455 1370 1144">
     <span class='ocr_line' id='line_1_2' title="bbox 20 455 1345 541; baseline 0 -18"><span class='ocrx_word' id='word_1_4' title='bbox 20 468 222 541; x_wconf 66' lang='lat' dir='ltr'>(romulea,</span> <span class='ocrx_word' id='word_1_5' title='bbox 243 460 279 523; x_wconf 90' lang='lat' dir='ltr'>ut</span> <span class='ocrx_word' id='word_1_6' title='bbox 300 455 378 538; x_wconf 84' lang='lat' dir='ltr'><strong>dixi,</strong></span> <span class='ocrx_word' id='word_1_7' title='bbox 402 475 484 539; x_wconf 89' lang='lat' dir='ltr'>quae</span> <span class='ocrx_word' id='word_1_8' title='bbox 506 456 588 523; x_wconf 90' lang='lat' dir='ltr'>solet</span> <span class='ocrx_word' id='word_1_9' title='bbox 610 474 681 523; x_wconf 87' lang='lat' dir='ltr'>esse</span> <span class='ocrx_word' id='word_1_10' title='bbox 703 455 736 521; x_wconf 91' lang='lat' dir='ltr'>in</span> <span class='ocrx_word' id='word_1_11' title='bbox 757 456 853 524; x_wconf 93' lang='lat' dir='ltr'>rebus</span> <span class='ocrx_word' id='word_1_12' title='bbox 875 461 907 521; x_wconf 87' lang='lat' dir='ltr'>et</span> <span class='ocrx_word' id='word_1_13' title='bbox 927 457 960 523; x_wconf 96' lang='lat' dir='ltr'>in</span> <span class='ocrx_word' id='word_1_14' title='bbox 975 455 1117 523; x_wconf 85' lang='lat' dir='ltr'>vocibus</span> <span class='ocrx_word' id='word_1_15' title='bbox 1141 461 1180 522; x_wconf 92' lang='lat' dir='ltr'>et</span> <span class='ocrx_word' id='word_1_16' title='bbox 1205 455 1241 522; x_wconf 91' lang='lat' dir='ltr'>in</span> <span class='ocrx_word' id='word_1_17' title='bbox 1259 463 1345 524; x_wconf 92' lang='lat' dir='ltr'>utro·</span> 
     </span>
     <span class='ocr_line' id='line_1_3' title="bbox 173 556 1342 642; baseline 0.001 -18"><span class='ocrx_word' id='word_1_18' title='bbox 173 578 251 642; x_wconf 88' lang='lat' dir='ltr'>que;</span> <span class='ocrx_word' id='word_1_19' title='bbox 285 559 317 623; x_wconf 94' lang='lat' dir='ltr'>in</span> <span class='ocrx_word' id='word_1_20' title='bbox 340 577 404 639; x_wconf 88' lang='lat' dir='ltr'>qua</span> <span class='ocrx_word' id='word_1_21' title='bbox 426 557 537 625; x_wconf 90' lang='lat' dir='ltr'>harum</span> <span class='ocrx_word' id='word_1_22' title='bbox 560 563 650 641; x_wconf 88' lang='lat' dir='ltr'>parte</span> <span class='ocrx_word' id='word_1_23' title='bbox 673 576 808 639; x_wconf 89' lang='lat' dir='ltr'>cumque</span> <span class='ocrx_word' id='word_1_24' title='bbox 830 556 871 623; x_wconf 94' lang='lat' dir='ltr'>sit</span> <span class='ocrx_word' id='word_1_25' title='bbox 893 557 925 622; x_wconf 97' lang='lat' dir='ltr'>in</span> <span class='ocrx_word' id='word_1_26' title='bbox 947 556 1145 624; x_wconf 85' lang='lat' dir='ltr'>conferendo</span> <span class='ocrx_word' id='word_1_27' title='bbox 1173 561 1211 625; x_wconf 88' lang='lat' dir='ltr'>et</span> <span class='ocrx_word' id='word_1_28' title='bbox 1239 558 1342 626; x_wconf 86' lang='lat' dir='ltr'>cuius·</span> 
     </span>
     <span class='ocr_line' id='line_1_4' title="bbox 172 656 1340 743; baseline 0 -17"><span class='ocrx_word' id='word_1_29' title='bbox 172 660 275 743; x_wconf 94' lang='lat' dir='ltr'>modi,</span> <span class='ocrx_word' id='word_1_30' title='bbox 309 657 492 725; x_wconf 86' lang='lat' dir='ltr'>videndum.</span> <span class='ocrx_word' id='word_1_31' title='bbox 536 678 626 735; x_wconf 88' lang='lat' dir='ltr'>nam,</span> <span class='ocrx_word' id='word_1_32' title='bbox 660 663 695 725; x_wconf 90' lang='lat' dir='ltr'>ut</span> <span class='ocrx_word' id='word_1_33' title='bbox 724 656 808 740; x_wconf 86' lang='lat' dir='ltr'>dixi,</span> <span class='ocrx_word' id='word_1_34' title='bbox 842 678 945 742; x_wconf 92' lang='lat' dir='ltr'>neque</span> <span class='ocrx_word' id='word_1_35' title='bbox 974 677 1082 724; x_wconf 90' lang='lat' dir='ltr'>rerum</span> <span class='ocrx_word' id='word_1_36' title='bbox 1111 679 1228 742; x_wconf 89' lang='lat' dir='ltr'>neque</span> <span class='ocrx_word' id='word_1_37' title='bbox 1252 661 1340 727; x_wconf 88' lang='lat' dir='ltr'>vocis</span> 
     </span>
     <span class='ocr_line' id='line_1_5' title="bbox 172 756 1338 843; baseline 0.002 -17"><span class='ocrx_word' id='word_1_38' title='bbox 172 759 346 827; x_wconf 83' lang='lat' dir='ltr'>similitudo</span> <span class='ocrx_word' id='word_1_39' title='bbox 368 757 411 825; x_wconf 91' lang='lat' dir='ltr'>ad</span> <span class='ocrx_word' id='word_1_40' title='bbox 433 759 492 826; x_wconf 90' lang='lat' dir='ltr'>has</span> <span class='ocrx_word' id='word_1_41' title='bbox 515 758 652 843; x_wconf 90' lang='lat' dir='ltr'>duplicis</span> <span class='ocrx_word' id='word_1_42' title='bbox 675 760 809 842; x_wconf 89' lang='lat' dir='ltr'>quasin</span> <span class='ocrx_word' id='word_1_43' title='bbox 839 756 999 840; x_wconf 89' lang='lat' dir='ltr'>loquendo</span> <span class='ocrx_word' id='word_1_44' title='bbox 1030 760 1231 840; x_wconf 84' lang='lat' dir='ltr'>quaerimus</span> <span class='ocrx_word' id='word_1_45' title='bbox 1262 781 1338 828; x_wconf 88' lang='lat' dir='ltr'>ana-</span> 
     </span>
     <span class='ocr_line' id='line_1_6' title="bbox 172 859 1370 945; baseline -0.004 -16"><span class='ocrx_word' id='word_1_46' title='bbox 172 861 276 945; x_wconf 88' lang='lat' dir='ltr'>logias</span> <span class='ocrx_word' id='word_1_47' title='bbox 298 861 468 928; x_wconf 89' lang='lat' dir='ltr'>verborum</span> <span class='ocrx_word' id='word_1_48' title='bbox 492 859 717 945; x_wconf 84' lang='lat' dir='ltr'>exprimendas</span> <span class='ocrx_word' id='word_1_49' title='bbox 739 860 912 944; x_wconf 88' lang='lat' dir='ltr'>separatim</span> <span class='ocrx_word' id='word_1_50' title='bbox 935 859 1014 926; x_wconf 87' lang='lat' dir='ltr'>satis</span> <span class='ocrx_word' id='word_1_51' title='bbox 1037 864 1104 942; x_wconf 93' lang='lat' dir='ltr'>est,</span> <span class='ocrx_word' id='word_1_52' title='bbox 1129 861 1227 943; x_wconf 92' lang='lat' dir='ltr'>quod</span> <span class='ocrx_word' id='word_1_53' title='bbox 1252 871 1370 930; x_wconf 79' lang='lat' dir='ltr'>utra-o</span> 
     </span>
     <span class='ocr_line' id='line_1_7' title="bbox 173 959 1338 1048; baseline 0.003 -19"><span class='ocrx_word' id='word_1_54' title='bbox 173 984 235 1046; x_wconf 93' lang='lat' dir='ltr'>que</span> <span class='ocrx_word' id='word_1_55' title='bbox 256 971 348 1048; x_wconf 86' lang='lat' dir='ltr'>parte</span> <span class='ocrx_word' id='word_1_56' title='bbox 370 980 450 1046; x_wconf 91' lang='lat' dir='ltr'>opus</span> <span class='ocrx_word' id='word_1_57' title='bbox 472 967 522 1029; x_wconf 87' lang='lat' dir='ltr'>est</span> <span class='ocrx_word' id='word_1_58' title='bbox 549 959 662 1043; x_wconf 85' lang='lat' dir='ltr'>simili,</span> <span class='ocrx_word' id='word_1_59' title='bbox 696 981 775 1043; x_wconf 89' lang='lat' dir='ltr'>quas</span> <span class='ocrx_word' id='word_1_60' title='bbox 804 959 846 1026; x_wconf 88' lang='lat' dir='ltr'>ad</span> <span class='ocrx_word' id='word_1_61' title='bbox 874 960 1069 1044; x_wconf 86' lang='lat' dir='ltr'>loquendum</span> <span class='ocrx_word' id='word_1_62' title='bbox 1100 965 1137 1028; x_wconf 93' lang='lat' dir='ltr'>ut</span> <span class='ocrx_word' id='word_1_63' title='bbox 1167 964 1338 1048; x_wconf 80' lang='lat' dir='ltr'>perducas</span> 
     </span>
     <span class='ocr_line' id='line_1_8' title="bbox 173 1061 1335 1144; baseline 0.001 -13"><span class='ocrx_word' id='word_1_64' title='bbox 173 1064 328 1133; x_wconf 88' lang='lat' dir='ltr'>accedere</span> <span class='ocrx_word' id='word_1_65' title='bbox 357 1062 455 1130; x_wconf 86' lang='lat' dir='ltr'>debet</span> <span class='ocrx_word' id='word_1_66' title='bbox 484 1081 570 1130; x_wconf 92' lang='lat' dir='ltr'>usus.</span> <span class='ocrx_word' id='word_1_67' title='bbox 614 1061 680 1128; x_wconf 90' lang='lat' dir='ltr'>alia</span> <span class='ocrx_word' id='word_1_68' title='bbox 708 1063 792 1129; x_wconf 94' lang='lat' dir='ltr'>enim</span> <span class='ocrx_word' id='word_1_69' title='bbox 821 1061 903 1128; x_wconf 88' lang='lat' dir='ltr'>ratio</span> <span class='ocrx_word' id='word_1_70' title='bbox 934 1081 997 1144; x_wconf 92' lang='lat' dir='ltr'>qua</span> <span class='ocrx_word' id='word_1_71' title='bbox 1026 1063 1129 1131; x_wconf 88' lang='lat' dir='ltr'>iacias</span> <span class='ocrx_word' id='word_1_72' title='bbox 1152 1066 1335 1134; x_wconf 86' lang='lat' dir='ltr'>vestimen·</span> 
     </span>
    </p>

    <p class='ocr_par' dir='ltr' id='par_1_3' title="bbox 67 1162 1377 1754">
     <span class='ocr_line' id='line_1_9' title="bbox 67 1162 1335 1252; baseline 0.003 -19"><span class='ocrx_word' id='word_1_73' title='bbox 67 1172 149 1249; x_wconf 70' lang='lat'>§73</span> <span class='ocrx_word' id='word_1_74' title='bbox 174 1173 256 1247; x_wconf 95' lang='lat' dir='ltr'>tum,</span> <span class='ocrx_word' id='word_1_75' title='bbox 293 1163 359 1231; x_wconf 90' lang='lat' dir='ltr'>alia</span> <span class='ocrx_word' id='word_1_76' title='bbox 388 1163 657 1246; x_wconf 89' lang='lat' dir='ltr'>quemadmodum</span> <span class='ocrx_word' id='word_1_77' title='bbox 686 1171 776 1231; x_wconf 91' lang='lat' dir='ltr'>utare</span> <span class='ocrx_word' id='word_1_78' title='bbox 804 1163 1003 1231; x_wconf 87' lang='lat' dir='ltr'>vestimento.</span> <span class='ocrx_word' id='word_1_79' title='bbox 1063 1162 1166 1231; x_wconf 90' lang='lat' dir='ltr'>Usuis</span> <span class='ocrx_word' id='word_1_80' title='bbox 1204 1168 1335 1252; x_wconf 87' lang='lat' dir='ltr'>species</span> 
     </span>
     <span class='ocr_line' id='line_1_10' title="bbox 172 1263 1333 1348; baseline 0.002 -14"><span class='ocrx_word' id='word_1_81' title='bbox 172 1267 321 1334; x_wconf 86' lang='lat' dir='ltr'>videntur</span> <span class='ocrx_word' id='word_1_82' title='bbox 343 1285 414 1333; x_wconf 90' lang='lat' dir='ltr'>esse</span> <span class='ocrx_word' id='word_1_83' title='bbox 437 1273 517 1348; x_wconf 88' lang='lat' dir='ltr'>tres,</span> <span class='ocrx_word' id='word_1_84' title='bbox 550 1285 613 1331; x_wconf 88' lang='lat' dir='ltr'>una</span> <span class='ocrx_word' id='word_1_85' title='bbox 635 1264 874 1332; x_wconf 76' lang='lat' dir='ltr'>consuetudinis</span> <span class='ocrx_word' id='word_1_86' title='bbox 897 1263 1029 1346; x_wconf 86' lang='lat' dir='ltr'>veteris,</span> <span class='ocrx_word' id='word_1_87' title='bbox 1063 1265 1171 1332; x_wconf 84' lang='lat' dir='ltr'>altera</span> <span class='ocrx_word' id='word_1_88' title='bbox 1196 1288 1333 1336; x_wconf 87' lang='lat' dir='ltr'>consue·</span> 
     </span>
     <span class='ocr_line' id='line_1_11' title="bbox 173 1363 1377 1453; baseline -0.004 -19"><span class='ocrx_word' id='word_1_89' title='bbox 173 1367 290 1434; x_wconf 91' lang='lat' dir='ltr'>tudinis</span> <span class='ocrx_word' id='word_1_90' title='bbox 312 1367 423 1453; x_wconf 90' lang='lat' dir='ltr'>huius,</span> <span class='ocrx_word' id='word_1_91' title='bbox 456 1366 551 1432; x_wconf 88' lang='lat' dir='ltr'>tertia</span> <span class='ocrx_word' id='word_1_92' title='bbox 572 1370 695 1432; x_wconf 88' lang='lat' dir='ltr'>neutra.</span> <span class='ocrx_word' id='word_1_93' title='bbox 738 1367 856 1432; x_wconf 85' lang='lat' dir='ltr'><strong>Vetera</strong></span> <span class='ocrx_word' id='word_1_94' title='bbox 878 1371 911 1431; x_wconf 86' lang='lat' dir='ltr'>ut</span> <span class='ocrx_word' id='word_1_95' title='bbox 933 1364 1053 1431; x_wconf 81' lang='lat' dir='ltr'>Caseus</span> <span class='ocrx_word' id='word_1_96' title='bbox 1075 1363 1191 1452; x_wconf 75' lang='lat' dir='ltr'>(lasci,</span> <span class='ocrx_word' id='word_1_97' title='bbox 1229 1370 1334 1438; x_wconf 82' lang='lat' dir='ltr'>Surus</span> <span class='ocrx_word' id='word_1_98' title='bbox 1354 1381 1377 1430; x_wconf 86' lang='lat' dir='ltr'>lo</span> 
     </span>
     <span class='ocr_line' id='line_1_12' title="bbox 173 1464 1333 1556; baseline 0.003 -21"><span class='ocrx_word' id='word_1_99' title='bbox 173 1469 262 1552; x_wconf 88' lang='lat' dir='ltr'>Suri,</span> <span class='ocrx_word' id='word_1_100' title='bbox 299 1467 391 1536; x_wconf 91' lang='lat' dir='ltr'>huius</span> <span class='ocrx_word' id='word_1_101' title='bbox 429 1464 665 1534; x_wconf 79' lang='lat' dir='ltr'>consuetudinis</span> <span class='ocrx_word' id='word_1_102' title='bbox 701 1470 737 1532; x_wconf 94' lang='lat' dir='ltr'>ut</span> <span class='ocrx_word' id='word_1_103' title='bbox 772 1466 876 1532; x_wconf 90' lang='lat' dir='ltr'>Albus</span> <span class='ocrx_word' id='word_1_104' title='bbox 913 1464 1050 1550; x_wconf 79' lang='lat' dir='ltr'>Caldus,</span> <span class='ocrx_word' id='word_1_105' title='bbox 1087 1465 1176 1534; x_wconf 92' lang='lat' dir='ltr'>Albo</span> <span class='ocrx_word' id='word_1_106' title='bbox 1215 1469 1333 1556; x_wconf 78' lang='lat' dir='ltr'>Caldo,</span> 
     </span>
     <span class='ocr_line' id='line_1_13' title="bbox 172 1565 1332 1650; baseline 0.003 -14"><span class='ocrx_word' id='word_1_107' title='bbox 172 1576 304 1638; x_wconf 84' lang='lat' dir='ltr'>neutrae</span> <span class='ocrx_word' id='word_1_108' title='bbox 334 1577 368 1636; x_wconf 92' lang='lat' dir='ltr'>ut</span> <span class='ocrx_word' id='word_1_109' title='bbox 397 1567 494 1634; x_wconf 84' lang='lat' dir='ltr'>Scala</span> <span class='ocrx_word' id='word_1_110' title='bbox 518 1566 663 1650; x_wconf 85' lang='lat' dir='ltr'>Scalam,</span> <span class='ocrx_word' id='word_1_111' title='bbox 696 1565 813 1632; x_wconf 89' lang='lat' dir='ltr'>Falera</span> <span class='ocrx_word' id='word_1_112' title='bbox 835 1566 992 1634; x_wconf 88' lang='lat' dir='ltr'>Faleram.</span> <span class='ocrx_word' id='word_1_113' title='bbox 1036 1565 1089 1633; x_wconf 93' lang='lat' dir='ltr'>Ad</span> <span class='ocrx_word' id='word_1_114' title='bbox 1120 1585 1206 1650; x_wconf 87' lang='lat' dir='ltr'>quas</span> <span class='ocrx_word' id='word_1_115' title='bbox 1239 1592 1332 1640; x_wconf 91' lang='lat' dir='ltr'>acce·</span> 
     </span>
     <span class='ocr_line' id='line_1_14' title="bbox 173 1666 1331 1754; baseline 0.002 -18"><span class='ocrx_word' id='word_1_116' title='bbox 173 1674 249 1738; x_wconf 89' lang='lat' dir='ltr'>dere</span> <span class='ocrx_word' id='word_1_117' title='bbox 274 1675 381 1754; x_wconf 89' lang='lat' dir='ltr'>potest</span> <span class='ocrx_word' id='word_1_118' title='bbox 404 1673 518 1750; x_wconf 88' lang='lat' dir='ltr'>quarta</span> <span class='ocrx_word' id='word_1_119' title='bbox 539 1669 655 1751; x_wconf 86' lang='lat' dir='ltr'>mixta,</span> <span class='ocrx_word' id='word_1_120' title='bbox 689 1673 723 1733; x_wconf 91' lang='lat' dir='ltr'>ut</span> <span class='ocrx_word' id='word_1_121' title='bbox 746 1666 896 1734; x_wconf 82' lang='lat' dir='ltr'>Amicitia</span> <span class='ocrx_word' id='word_1_122' title='bbox 918 1667 1101 1751; x_wconf 87' lang='lat' dir='ltr'>inimicitia,</span> <span class='ocrx_word' id='word_1_123' title='bbox 1135 1671 1331 1741; x_wconf 86' lang='lat' dir='ltr'>Amicitiam</span> 
     </span>
    </p>

    <p class='ocr_par' dir='ltr' id='par_1_4' title="bbox 21 1768 1330 1859">
     <span class='ocr_line' id='line_1_15' title="bbox 21 1768 1330 1859; baseline 0.006 -27"><span class='ocrx_word' id='word_1_124' title='bbox 21 1770 385 1843; x_wconf 61' lang='lat' dir='ltr'>(sumsuulnimicitiam.</span> <span class='ocrx_word' id='word_1_125' title='bbox 429 1769 537 1834; x_wconf 92' lang='lat' dir='ltr'>Prima</span> <span class='ocrx_word' id='word_1_126' title='bbox 564 1774 613 1834; x_wconf 93' lang='lat' dir='ltr'>est</span> <span class='ocrx_word' id='word_1_127' title='bbox 641 1787 704 1851; x_wconf 90' lang='lat' dir='ltr'>qua</span> <span class='ocrx_word' id='word_1_128' title='bbox 730 1768 780 1835; x_wconf 92' lang='lat' dir='ltr'>usi</span> <span class='ocrx_word' id='word_1_129' title='bbox 807 1769 933 1851; x_wconf 89' lang='lat' dir='ltr'>antiqui</span> <span class='ocrx_word' id='word_1_130' title='bbox 967 1776 997 1835; x_wconf 91' lang='lat' dir='ltr'>et</span> <span class='ocrx_word' id='word_1_131' title='bbox 1029 1788 1088 1836; x_wconf 92' lang='lat' dir='ltr'>nos</span> <span class='ocrx_word' id='word_1_132' title='bbox 1121 1771 1330 1859; x_wconf 90' lang='lat' dir='ltr'>reliquimus,</span> 
     </span>
    </p>

    <p class='ocr_par' dir='ltr' id='par_1_5' title="bbox 66 1869 1381 2558">
     <span class='ocr_line' id='line_1_16' title="bbox 66 1869 1377 1956; baseline -0.005 -15"><span class='ocrx_word' id='word_1_133' title='bbox 66 1879 86 1956; x_wconf 63' lang='grc' dir='ltr'>ξ</span> <span class='ocrx_word' id='word_1_134' title='bbox 110 1881 148 1941; x_wconf 86' lang='grc'>74</span> <span class='ocrx_word' id='word_1_135' title='bbox 172 1869 314 1938; x_wconf 87' lang='lat' dir='ltr'>secunda</span> <span class='ocrx_word' id='word_1_136' title='bbox 337 1887 401 1952; x_wconf 91' lang='lat' dir='ltr'>qua</span> <span class='ocrx_word' id='word_1_137' title='bbox 421 1889 504 1935; x_wconf 93' lang='lat' dir='ltr'>nunc</span> <span class='ocrx_word' id='word_1_138' title='bbox 526 1869 657 1953; x_wconf 91' lang='lat' dir='ltr'>utimur,</span> <span class='ocrx_word' id='word_1_139' title='bbox 692 1869 786 1936; x_wconf 91' lang='lat' dir='ltr'>tertia</span> <span class='ocrx_word' id='word_1_140' title='bbox 815 1889 879 1952; x_wconf 91' lang='lat' dir='ltr'>qua</span> <span class='ocrx_word' id='word_1_141' title='bbox 900 1875 1030 1938; x_wconf 91' lang='lat' dir='ltr'>utuntur</span> <span class='ocrx_word' id='word_1_142' title='bbox 1050 1877 1177 1955; x_wconf 88' lang='lat' dir='ltr'>poetae.</span> <span class='ocrx_word' id='word_1_143' title='bbox 1241 1876 1377 1942; x_wconf 78' lang='lat' dir='ltr'>Ana-15</span> 
     </span>
     <span class='ocr_line' id='line_1_17' title="bbox 173 1969 1330 2054; baseline 0.004 -18"><span class='ocrx_word' id='word_1_144' title='bbox 173 1970 260 2054; x_wconf 88' lang='lat' dir='ltr'>logia</span> <span class='ocrx_word' id='word_1_145' title='bbox 280 1989 343 2036; x_wconf 92' lang='lat' dir='ltr'>non</span> <span class='ocrx_word' id='word_1_146' title='bbox 364 1970 441 2038; x_wconf 88' lang='lat' dir='ltr'>item</span> <span class='ocrx_word' id='word_1_147' title='bbox 464 1970 572 2038; x_wconf 84' lang='lat' dir='ltr'>eadem</span> <span class='ocrx_word' id='word_1_148' title='bbox 600 1969 782 2038; x_wconf 88' lang='lat' dir='ltr'>definienda</span> <span class='ocrx_word' id='word_1_149' title='bbox 810 1989 892 2054; x_wconf 90' lang='lat' dir='ltr'>quae</span> <span class='ocrx_word' id='word_1_150' title='bbox 921 1970 1073 2053; x_wconf 84' lang='lat' dir='ltr'>derigitur</span> <span class='ocrx_word' id='word_1_151' title='bbox 1101 1972 1145 2039; x_wconf 88' lang='lat' dir='ltr'>ad</span> <span class='ocrx_word' id='word_1_152' title='bbox 1172 1978 1330 2043; x_wconf 87' lang='lat' dir='ltr'>naturam</span> 
     </span>
     <span class='ocr_line' id='line_1_18' title="bbox 173 2069 1331 2161; baseline 0.006 -22"><span class='ocrx_word' id='word_1_153' title='bbox 173 2073 345 2140; x_wconf 89' lang='lat' dir='ltr'>verborum</span> <span class='ocrx_word' id='word_1_154' title='bbox 373 2077 469 2154; x_wconf 88' lang='lat' dir='ltr'>atque</span> <span class='ocrx_word' id='word_1_155' title='bbox 502 2071 559 2136; x_wconf 91' lang='lat' dir='ltr'>illa</span> <span class='ocrx_word' id='word_1_156' title='bbox 593 2090 675 2155; x_wconf 89' lang='lat' dir='ltr'>quae</span> <span class='ocrx_word' id='word_1_157' title='bbox 708 2069 751 2138; x_wconf 89' lang='lat' dir='ltr'>ad</span> <span class='ocrx_word' id='word_1_158' title='bbox 783 2091 875 2139; x_wconf 90' lang='lat' dir='ltr'>usum</span> <span class='ocrx_word' id='word_1_159' title='bbox 908 2071 1070 2155; x_wconf 88' lang='lat' dir='ltr'>loquendi.</span> <span class='ocrx_word' id='word_1_160' title='bbox 1124 2095 1203 2140; x_wconf 90' lang='lat' dir='ltr'>nam</span> <span class='ocrx_word' id='word_1_161' title='bbox 1239 2079 1331 2161; x_wconf 90' lang='lat' dir='ltr'>prior</span> 
     </span>
     <span class='ocr_line' id='line_1_19' title="bbox 170 2171 1331 2257; baseline 0.006 -18"><span class='ocrx_word' id='word_1_162' title='bbox 170 2173 357 2243; x_wconf 90' lang='lat' dir='ltr'>definienda</span> <span class='ocrx_word' id='word_1_163' title='bbox 390 2172 452 2239; x_wconf 88' lang='lat' dir='ltr'>sic:</span> <span class='ocrx_word' id='word_1_164' title='bbox 489 2173 639 2257; x_wconf 87' lang='lat' dir='ltr'>analogia</span> <span class='ocrx_word' id='word_1_165' title='bbox 672 2178 720 2241; x_wconf 88' lang='lat' dir='ltr'>est</span> <span class='ocrx_word' id='word_1_166' title='bbox 752 2171 922 2239; x_wconf 84' lang='lat' dir='ltr'>verborum</span> <span class='ocrx_word' id='word_1_167' title='bbox 959 2173 1110 2241; x_wconf 92' lang='lat' dir='ltr'>similium</span> <span class='ocrx_word' id='word_1_168' title='bbox 1147 2174 1331 2247; x_wconf 87' lang='lat' dir='ltr'>declinatio</span> 
     </span>
     <span class='ocr_line' id='line_1_20' title="bbox 173 2273 1329 2360; baseline 0.004 -19"><span class='ocrx_word' id='word_1_169' title='bbox 173 2276 302 2360; x_wconf 91' lang='lat' dir='ltr'>similis,</span> <span class='ocrx_word' id='word_1_170' title='bbox 336 2273 493 2360; x_wconf 87' lang='lat' dir='ltr'>posterior</span> <span class='ocrx_word' id='word_1_171' title='bbox 515 2275 575 2339; x_wconf 92' lang='lat' dir='ltr'>sic:</span> <span class='ocrx_word' id='word_1_172' title='bbox 613 2273 763 2356; x_wconf 87' lang='lat' dir='ltr'>analogia</span> <span class='ocrx_word' id='word_1_173' title='bbox 785 2279 834 2338; x_wconf 91' lang='lat' dir='ltr'>est</span> <span class='ocrx_word' id='word_1_174' title='bbox 855 2275 1024 2341; x_wconf 85' lang='lat' dir='ltr'>verborum</span> <span class='ocrx_word' id='word_1_175' title='bbox 1045 2274 1197 2343; x_wconf 89' lang='lat' dir='ltr'>similium</span> <span class='ocrx_word' id='word_1_176' title='bbox 1223 2279 1329 2347; x_wconf 92' lang='lat' dir='ltr'>decli-</span> 
     </span>
     <span class='ocr_line' id='line_1_21' title="bbox 173 2375 1381 2460; baseline 0.006 -20"><span class='ocrx_word' id='word_1_177' title='bbox 173 2376 260 2442; x_wconf 90' lang='lat' dir='ltr'>natio</span> <span class='ocrx_word' id='word_1_178' title='bbox 297 2375 411 2441; x_wconf 92' lang='lat' dir='ltr'>similis</span> <span class='ocrx_word' id='word_1_179' title='bbox 447 2396 510 2443; x_wconf 92' lang='lat' dir='ltr'>non</span> <span class='ocrx_word' id='word_1_180' title='bbox 546 2379 742 2460; x_wconf 87' lang='lat' dir='ltr'>repugnante</span> <span class='ocrx_word' id='word_1_181' title='bbox 779 2375 1008 2442; x_wconf 88' lang='lat' dir='ltr'>consuetudine</span> <span class='ocrx_word' id='word_1_182' title='bbox 1044 2377 1213 2444; x_wconf 87' lang='lat' dir='ltr'>communi.</span> <span class='ocrx_word' id='word_1_183' title='bbox 1273 2380 1330 2447; x_wconf 90' lang='lat' dir='ltr'>Ad</span> <span class='ocrx_word' id='word_1_184' title='bbox 1354 2397 1381 2446; x_wconf 83' lang='lat' dir='ltr'>tu</span> 
     </span>
     <span class='ocr_line' id='line_1_22' title="bbox 174 2474 1330 2558; baseline 0.007 -17"><span class='ocrx_word' id='word_1_185' title='bbox 174 2495 271 2558; x_wconf 90' lang='lat' dir='ltr'>quam</span> <span class='ocrx_word' id='word_1_186' title='bbox 303 2475 417 2543; x_wconf 90' lang='lat' dir='ltr'>harum</span> <span class='ocrx_word' id='word_1_187' title='bbox 451 2475 584 2543; x_wconf 90' lang='lat' dir='ltr'>duarum</span> <span class='ocrx_word' id='word_1_188' title='bbox 617 2474 659 2542; x_wconf 90' lang='lat' dir='ltr'>ad</span> <span class='ocrx_word' id='word_1_189' title='bbox 694 2480 869 2542; x_wconf 83' lang='lat' dir='ltr'>extremum</span> <span class='ocrx_word' id='word_1_190' title='bbox 902 2476 1048 2544; x_wconf 88' lang='lat' dir='ltr'>additum</span> <span class='ocrx_word' id='word_1_191' title='bbox 1080 2477 1140 2544; x_wconf 84' lang='lat' dir='ltr'>erit</span> <span class='ocrx_word' id='word_1_192' title='bbox 1172 2477 1238 2547; x_wconf 90' lang='lat' dir='ltr'>hoc</span> <span class='ocrx_word' id='word_1_193' title='bbox 1270 2477 1330 2549; x_wconf 90' lang='lat' dir='ltr'>‘ex</span> 
     </span>
    </p>
   </div>
   <div class='ocr_carea' id='block_1_3' title="bbox 173 2567 1329 2769">
    <p class='ocr_par' dir='ltr' id='par_1_6' title="bbox 173 2567 1329 2769">
     <span class='ocr_line' id='line_1_23' title="bbox 174 2567 1329 2668; baseline 0.01 -28"><span class='ocrx_word' id='word_1_194' title='bbox 174 2574 314 2657; x_wconf 92' lang='lat' dir='ltr'>quadam</span> <span class='ocrx_word' id='word_1_195' title='bbox 342 2567 460 2661; x_wconf 80' lang='lat' dir='ltr'>parte&#39;,</span> <span class='ocrx_word' id='word_1_196' title='bbox 492 2576 620 2662; x_wconf 89' lang='lat' dir='ltr'>poetica</span> <span class='ocrx_word' id='word_1_197' title='bbox 647 2578 799 2661; x_wconf 89' lang='lat' dir='ltr'>analogia</span> <span class='ocrx_word' id='word_1_198' title='bbox 827 2576 888 2644; x_wconf 87' lang='lat' dir='ltr'>erit</span> <span class='ocrx_word' id='word_1_199' title='bbox 915 2576 1055 2646; x_wconf 84' lang='lat' dir='ltr'>definita.</span> <span class='ocrx_word' id='word_1_200' title='bbox 1105 2578 1231 2647; x_wconf 88' lang='lat' dir='ltr'>Harum</span> <span class='ocrx_word' id='word_1_201' title='bbox 1260 2583 1329 2668; x_wconf 89' lang='lat' dir='ltr'>pri-</span> 
     </span>
     <span class='ocr_line' id='line_1_24' title="bbox 173 2676 1329 2769; baseline 0.01 -28"><span class='ocrx_word' id='word_1_202' title='bbox 173 2695 257 2743; x_wconf 90' lang='lat' dir='ltr'>mam</span> <span class='ocrx_word' id='word_1_203' title='bbox 280 2676 372 2760; x_wconf 91' lang='lat' dir='ltr'>sequi</span> <span class='ocrx_word' id='word_1_204' title='bbox 394 2677 491 2745; x_wconf 91' lang='lat' dir='ltr'>debet</span> <span class='ocrx_word' id='word_1_205' title='bbox 511 2679 658 2764; x_wconf 87' lang='lat' dir='ltr'>populus,</span> <span class='ocrx_word' id='word_1_206' title='bbox 681 2679 855 2747; x_wconf 86' lang='lat' dir='ltr'>secundam</span> <span class='ocrx_word' id='word_1_207' title='bbox 876 2699 987 2747; x_wconf 89' lang='lat' dir='ltr'>omnes</span> <span class='ocrx_word' id='word_1_208' title='bbox 1009 2678 1128 2766; x_wconf 88' lang='lat' dir='ltr'>singuli</span> <span class='ocrx_word' id='word_1_209' title='bbox 1149 2702 1168 2748; x_wconf 88' lang='lat' dir='ltr'>s</span> <span class='ocrx_word' id='word_1_210' title='bbox 1190 2686 1329 2769; x_wconf 91' lang='lat' dir='ltr'>populo,</span> 
     </span>
    </p>
   </div>
   <div class='ocr_carea' id='block_1_4' title="bbox 169 2944 1326 4278">
    <p class='ocr_par' dir='ltr' id='par_1_7' title="bbox 169 2944 1326 4278">
     <span class='ocr_line' id='line_1_25' title="bbox 260 2944 1326 3012; baseline 0.01 -15"><span class='ocrx_word' id='word_1_211' title='bbox 260 2950 271 2997; x_wconf 91' lang='lat' dir='ltr'>l</span> <span class='ocrx_word' id='word_1_212' title='bbox 292 2946 334 3010; x_wconf 88' lang='lat' dir='ltr'>ea]</span> <span class='ocrx_word' id='word_1_213' title='bbox 354 2947 383 3000; x_wconf 87' lang='lat' dir='ltr'>ct</span> <span class='ocrx_word' id='word_1_214' title='bbox 399 2944 463 3012; x_wconf 86' lang='lat' dir='ltr'>Vp,</span> <span class='ocrx_word' id='word_1_215' title='bbox 482 2961 533 2999; x_wconf 89' lang='lat' dir='ltr'>om.</span> <span class='ocrx_word' id='word_1_216' title='bbox 552 2947 689 3002; x_wconf 87' lang='lat' dir='ltr'>Laetus.</span> <span class='ocrx_word' id='word_1_217' title='bbox 716 2975 750 2985; x_wconf 92' lang='lat'>-</span> <span class='ocrx_word' id='word_1_218' title='bbox 774 2946 805 3001; x_wconf 89' lang='lat' dir='ltr'>in</span> <span class='ocrx_word' id='word_1_219' title='bbox 821 2947 902 3000; x_wconf 89' lang='lat' dir='ltr'>rebus</span> <span class='ocrx_word' id='word_1_220' title='bbox 920 2946 950 2999; x_wconf 90' lang='lat' dir='ltr'>in</span> <span class='ocrx_word' id='word_1_221' title='bbox 967 2947 1103 3002; x_wconf 82' lang='lat' dir='ltr'>Laetus.</span> <span class='ocrx_word' id='word_1_222' title='bbox 1122 2977 1156 2987; x_wconf 93' lang='lat'><em>-</em></span> <span class='ocrx_word' id='word_1_223' title='bbox 1174 2951 1189 3001; x_wconf 84' lang='lat'><strong>2</strong></span> <span class='ocrx_word' id='word_1_224' title='bbox 1206 2949 1238 3005; x_wconf 89' lang='lat' dir='ltr'>in</span> <span class='ocrx_word' id='word_1_225' title='bbox 1257 2968 1326 3007; x_wconf 90' lang='lat' dir='ltr'>con·</span> 
     </span>
     <span class='ocr_line' id='line_1_26' title="bbox 169 3026 1326 3106; baseline 0.011 -26"><span class='ocrx_word' id='word_1_226' title='bbox 169 3026 294 3092; x_wconf 84' lang='lat' dir='ltr'>terendo]</span> <span class='ocrx_word' id='word_1_227' title='bbox 311 3027 384 3096; x_wconf 89' lang='lat' dir='ltr'>LSp,</span> <span class='ocrx_word' id='word_1_228' title='bbox 401 3028 431 3082; x_wconf 93' lang='lat' dir='ltr'>in</span> <span class='ocrx_word' id='word_1_229' title='bbox 449 3027 561 3084; x_wconf 86' lang='lat' dir='ltr'>ferendo</span> <span class='ocrx_word' id='word_1_230' title='bbox 579 3030 617 3098; x_wconf 93' lang='lat' dir='ltr'>F,</span> <span class='ocrx_word' id='word_1_231' title='bbox 643 3030 788 3084; x_wconf 87' lang='lat' dir='ltr'>inserenda</span> <span class='ocrx_word' id='word_1_232' title='bbox 805 3029 1003 3098; x_wconf 86' lang='lat' dir='ltr'>Scioppius.</span> <span class='ocrx_word' id='word_1_233' title='bbox 1021 3031 1051 3085; x_wconf 90' lang='lat' dir='ltr'>in</span> <span class='ocrx_word' id='word_1_234' title='bbox 1068 3046 1122 3100; x_wconf 91' lang='lat' dir='ltr'>qua</span> <span class='ocrx_word' id='word_1_235' title='bbox 1139 3034 1238 3088; x_wconf 85' lang='lat' dir='ltr'>hurum</span> <span class='ocrx_word' id='word_1_236' title='bbox 1256 3053 1326 3106; x_wconf 87' lang='lat' dir='ltr'>par·</span> 
     </span>
     <span class='ocr_line' id='line_1_27' title="bbox 170 3108 1326 3189; baseline 0.009 -24"><span class='ocrx_word' id='word_1_237' title='bbox 170 3110 240 3165; x_wconf 90' lang='lat' dir='ltr'>tium</span> <span class='ocrx_word' id='word_1_238' title='bbox 267 3109 325 3167; x_wconf 87' lang='lat' dir='ltr'>eius</span> <span class='ocrx_word' id='word_1_239' title='bbox 353 3112 390 3166; x_wconf 92' lang='lat' dir='ltr'>sit</span> <span class='ocrx_word' id='word_1_240' title='bbox 414 3111 580 3181; x_wconf 86' lang='lat' dir='ltr'>imponenda</span> <span class='ocrx_word' id='word_1_241' title='bbox 606 3114 729 3169; x_wconf 86' lang='lat' dir='ltr'>Reiter</span> <span class='ocrx_word' id='word_1_242' title='bbox 754 3132 781 3183; x_wconf 92' lang='lat' dir='ltr'>p.</span> <span class='ocrx_word' id='word_1_243' title='bbox 802 3117 843 3166; x_wconf 88' lang='grc'>84.</span> <span class='ocrx_word' id='word_1_244' title='bbox 870 3143 903 3153; x_wconf 89' lang='grc'><strong>-</strong></span> <span class='ocrx_word' id='word_1_245' title='bbox 930 3108 1009 3167; x_wconf 85' lang='lat' dir='ltr'>3‘uu</span> <span class='ocrx_word' id='word_1_246' title='bbox 1032 3109 1163 3170; x_wconf 80' lang='lat' dir='ltr'>uocum‘l&#39;</span> <span class='ocrx_word' id='word_1_247' title='bbox 1185 3118 1260 3189; x_wconf 87' lang='lat' dir='ltr'>LSp.</span> <span class='ocrx_word' id='word_1_248' title='bbox 1290 3153 1326 3164; x_wconf 83' lang='lat'>-</span> 
     </span>
     <span class='ocr_line' id='line_1_28' title="bbox 171 3189 1324 3274; baseline 0.007 -26"><span class='ocrx_word' id='word_1_249' title='bbox 171 3189 283 3264; x_wconf 78' lang='lat' dir='ltr'>d‘sort.</span> <span class='ocrx_word' id='word_1_250' title='bbox 303 3192 438 3266; x_wconf 86' lang='lat' dir='ltr'>duplices’</span> <span class='ocrx_word' id='word_1_251' title='bbox 458 3197 529 3265; x_wconf 88' lang='lat' dir='ltr'>LSp.</span> <span class='ocrx_word' id='word_1_252' title='bbox 557 3227 591 3235; x_wconf 96' lang='lat'><em>-</em></span> <span class='ocrx_word' id='word_1_253' title='bbox 617 3198 740 3266; x_wconf 87' lang='lat' dir='ltr'>quasin]</span> <span class='ocrx_word' id='word_1_254' title='bbox 758 3212 828 3267; x_wconf 87' lang='lat' dir='ltr'>quae</span> <span class='ocrx_word' id='word_1_255' title='bbox 845 3196 874 3250; x_wconf 92' lang='lat' dir='ltr'>in</span> <span class='ocrx_word' id='word_1_256' title='bbox 892 3197 925 3265; x_wconf 87' lang='lat' dir='ltr'>F,</span> <span class='ocrx_word' id='word_1_257' title='bbox 943 3214 1014 3252; x_wconf 84' lang='lat' dir='ltr'>corr.</span> <span class='ocrx_word' id='word_1_258' title='bbox 1032 3197 1164 3255; x_wconf 77' lang='lat' dir='ltr'>Mulier.</span> <span class='ocrx_word' id='word_1_259' title='bbox 1192 3232 1226 3243; x_wconf 92' lang='grc'><strong>-</strong></span> <span class='ocrx_word' id='word_1_260' title='bbox 1254 3221 1324 3274; x_wconf 77' lang='lat' dir='ltr'>que-</span> 
     </span>
     <span class='ocr_line' id='line_1_29' title="bbox 171 3279 1325 3354; baseline 0.009 -18"><span class='ocrx_word' id='word_1_261' title='bbox 171 3280 256 3336; x_wconf 86' lang='lat' dir='ltr'>rimus</span> <span class='ocrx_word' id='word_1_262' title='bbox 275 3280 307 3336; x_wconf 89' lang='lat' dir='ltr'>F.</span> <span class='ocrx_word' id='word_1_263' title='bbox 329 3312 363 3320; x_wconf 96' lang='lat'><em>-</em></span> <span class='ocrx_word' id='word_1_264' title='bbox 387 3279 526 3349; x_wconf 83' lang='lat' dir='ltr'>analogias</span> <span class='ocrx_word' id='word_1_265' title='bbox 543 3281 688 3336; x_wconf 85' lang='lat' dir='ltr'>uerborum</span> <span class='ocrx_word' id='word_1_266' title='bbox 705 3281 905 3350; x_wconf 86' lang='lat' dir='ltr'>exprimendas]</span> <span class='ocrx_word' id='word_1_267' title='bbox 924 3281 992 3336; x_wconf 80' lang='lat' dir='ltr'>liuec</span> <span class='ocrx_word' id='word_1_268' title='bbox 1009 3283 1090 3338; x_wconf 63' lang='lat' dir='ltr'>umbo</span> <span class='ocrx_word' id='word_1_269' title='bbox 1107 3300 1178 3354; x_wconf 79' lang='lat' dir='ltr'>quac</span> <span class='ocrx_word' id='word_1_270' title='bbox 1195 3287 1225 3341; x_wconf 80' lang='lat' dir='ltr'>tn</span> <span class='ocrx_word' id='word_1_271' title='bbox 1243 3288 1325 3346; x_wconf 72' lang='lat' dir='ltr'>tidru&#39;s</span> 
     </span>
     <span class='ocr_line' id='line_1_30' title="bbox 171 3365 1324 3445; baseline 0.009 -25"><span class='ocrx_word' id='word_1_272' title='bbox 171 3372 235 3435; x_wconf 81' lang='lat' dir='ltr'>port</span> <span class='ocrx_word' id='word_1_273' title='bbox 253 3370 295 3420; x_wconf 89' lang='lat' dir='ltr'>est</span> <span class='ocrx_word' id='word_1_274' title='bbox 312 3365 394 3420; x_wconf 90' lang='lat' dir='ltr'>simili</span> <span class='ocrx_word' id='word_1_275' title='bbox 406 3365 501 3437; x_wconf 78' lang='lat' dir='ltr'>positu</span> <span class='ocrx_word' id='word_1_276' title='bbox 518 3369 581 3418; x_wconf 83' lang='lat' dir='ltr'>sunt</span> <span class='ocrx_word' id='word_1_277' title='bbox 600 3365 660 3420; x_wconf 87' lang='lat' dir='ltr'>loco</span> <span class='ocrx_word' id='word_1_278' title='bbox 677 3381 727 3420; x_wconf 84' lang='lat' dir='ltr'>suo</span> <span class='ocrx_word' id='word_1_279' title='bbox 746 3365 887 3421; x_wconf 69' lang='lat' dir='ltr'>adamasse</span> <span class='ocrx_word' id='word_1_280' title='bbox 904 3366 1002 3421; x_wconf 81' lang='lat' dir='ltr'>statuit</span> <span class='ocrx_word' id='word_1_281' title='bbox 1019 3367 1159 3436; x_wconf 78' lang='lat' dir='ltr'>Mulier,</span> <span class='ocrx_word' id='word_1_282' title='bbox 1188 3372 1238 3439; x_wconf 80' lang='lat' dir='ltr'>qui</span> <span class='ocrx_word' id='word_1_283' title='bbox 1262 3376 1324 3445; x_wconf 84' lang='lat' dir='ltr'>qui-</span> 
     </span>
     <span class='ocr_line' id='line_1_31' title="bbox 172 3448 1322 3527; baseline 0.009 -23"><span class='ocrx_word' id='word_1_284' title='bbox 172 3450 232 3505; x_wconf 82' lang='lat' dir='ltr'>dem</span> <span class='ocrx_word' id='word_1_285' title='bbox 256 3466 289 3505; x_wconf 81' lang='lat' dir='ltr'>ec</span> <span class='ocrx_word' id='word_1_286' title='bbox 313 3450 426 3506; x_wconf 68' lang='lat' dir='ltr'>insonet</span> <span class='ocrx_word' id='word_1_287' title='bbox 450 3451 521 3505; x_wconf 81' lang='lat' dir='ltr'>iuter</span> <span class='ocrx_word' id='word_1_288' title='bbox 542 3448 660 3518; x_wconf 86' lang='lat' dir='ltr'>duplicis</span> <span class='ocrx_word' id='word_1_289' title='bbox 684 3456 710 3504; x_wconf 87' lang='lat' dir='ltr'>et</span> <span class='ocrx_word' id='word_1_290' title='bbox 732 3465 798 3519; x_wconf 86' lang='lat' dir='ltr'>quas</span> <span class='ocrx_word' id='word_1_291' title='bbox 820 3449 858 3503; x_wconf 89' lang='lat' dir='ltr'>iu.</span> <span class='ocrx_word' id='word_1_292' title='bbox 886 3467 937 3520; x_wconf 74' lang='lat' dir='ltr'>eqo</span> <span class='ocrx_word' id='word_1_293' title='bbox 960 3457 1028 3522; x_wconf 84' lang='lat' dir='ltr'>post</span> <span class='ocrx_word' id='word_1_294' title='bbox 1048 3453 1202 3521; x_wconf 86' lang='lat' dir='ltr'>quaerimus</span> <span class='ocrx_word' id='word_1_295' title='bbox 1225 3462 1322 3527; x_wconf 82' lang='lat' dir='ltr'>posui.</span> 
     </span>
     <span class='ocr_line' id='line_1_32' title="bbox 172 3533 1323 3606; baseline 0.01 -20"><span class='ocrx_word' id='word_1_296' title='bbox 172 3533 233 3588; x_wconf 83' lang='lat' dir='ltr'>loeo</span> <span class='ocrx_word' id='word_1_297' title='bbox 250 3549 308 3587; x_wconf 83' lang='lat' dir='ltr'>non</span> <span class='ocrx_word' id='word_1_298' title='bbox 325 3533 488 3589; x_wconf 82' lang='lat' dir='ltr'>mutatorio</span> <span class='ocrx_word' id='word_1_299' title='bbox 507 3533 582 3601; x_wconf 87' lang='lat' dir='ltr'>LSp:</span> <span class='ocrx_word' id='word_1_300' title='bbox 612 3548 679 3602; x_wconf 90' lang='lat' dir='ltr'>opus</span> <span class='ocrx_word' id='word_1_301' title='bbox 698 3536 741 3589; x_wconf 87' lang='lat' dir='ltr'>est</span> <span class='ocrx_word' id='word_1_302' title='bbox 758 3533 944 3589; x_wconf 87' lang='lat' dir='ltr'>similitudinis</span> <span class='ocrx_word' id='word_1_303' title='bbox 962 3537 998 3591; x_wconf 87' lang='lat' dir='ltr'>ad</span> <span class='ocrx_word' id='word_1_304' title='bbox 1016 3537 1156 3606; x_wconf 84' lang='lat' dir='ltr'>analogias</span> <span class='ocrx_word' id='word_1_305' title='bbox 1174 3541 1323 3598; x_wconf 88' lang='lat' dir='ltr'>verborum</span> 
     </span>
     <span class='ocr_line' id='line_1_33' title="bbox 172 3617 1322 3689; baseline 0.01 -17"><span class='ocrx_word' id='word_1_306' title='bbox 172 3617 363 3687; x_wconf 87' lang='lat' dir='ltr'>exprimendas</span> <span class='ocrx_word' id='word_1_307' title='bbox 381 3634 448 3687; x_wconf 87' lang='lat' dir='ltr'>quas</span> <span class='ocrx_word' id='word_1_308' title='bbox 466 3617 691 3687; x_wconf 87' lang='lat' dir='ltr'>adloquendum.</span> <span class='ocrx_word' id='word_1_309' title='bbox 717 3646 751 3656; x_wconf 95' lang='lat'>—</span> <span class='ocrx_word' id='word_1_310' title='bbox 779 3623 792 3671; x_wconf 81' lang='lat' dir='ltr'>l</span> <span class='ocrx_word' id='word_1_311' title='bbox 812 3620 859 3689; x_wconf 88' lang='lat' dir='ltr'>qui</span> <span class='ocrx_word' id='word_1_312' title='bbox 876 3619 963 3674; x_wconf 81' lang='lat' dir='ltr'>facias</span> <span class='ocrx_word' id='word_1_313' title='bbox 984 3621 1120 3676; x_wconf 89' lang='lat' dir='ltr'>Miillcr.</span> <span class='ocrx_word' id='word_1_314' title='bbox 1147 3653 1182 3664; x_wconf 93' lang='lat'>-</span> <span class='ocrx_word' id='word_1_315' title='bbox 1208 3628 1224 3678; x_wconf 90' lang='grc'>8</span> <span class='ocrx_word' id='word_1_316' title='bbox 1243 3629 1322 3684; x_wconf 90' lang='lat' dir='ltr'>usuis</span> 
     </span>
     <span class='ocr_line' id='line_1_34' title="bbox 171 3702 1322 3773; baseline 0.007 -17"><span class='ocrx_word' id='word_1_317' title='bbox 171 3702 286 3771; x_wconf 91' lang='lat' dir='ltr'>specics]</span> <span class='ocrx_word' id='word_1_318' title='bbox 311 3704 386 3772; x_wconf 82' lang='lat' dir='ltr'>LSp,</span> <span class='ocrx_word' id='word_1_319' title='bbox 414 3702 476 3757; x_wconf 93' lang='lat' dir='ltr'>usui</span> <span class='ocrx_word' id='word_1_320' title='bbox 498 3703 603 3772; x_wconf 90' lang='lat' dir='ltr'>species</span> <span class='ocrx_word' id='word_1_321' title='bbox 625 3703 662 3769; x_wconf 95' lang='lat' dir='ltr'>F,</span> <span class='ocrx_word' id='word_1_322' title='bbox 688 3717 755 3756; x_wconf 86' lang='lat' dir='ltr'>usus</span> <span class='ocrx_word' id='word_1_323' title='bbox 776 3702 832 3756; x_wconf 82' lang='lat' dir='ltr'>ium</span> <span class='ocrx_word' id='word_1_324' title='bbox 856 3706 1070 3773; x_wconf 82' lang='lat' dir='ltr'>Augustinus</span> <span class='ocrx_word' id='word_1_325' title='bbox 1096 3707 1258 3763; x_wconf 79' lang='lat' dir='ltr'>coniecerat.</span> <span class='ocrx_word' id='word_1_326' title='bbox 1288 3739 1322 3752; x_wconf 79' lang='lat'><em>-</em></span> 
     </span>
     <span class='ocr_line' id='line_1_35' title="bbox 175 3783 1322 3863; baseline 0.007 -21"><span class='ocrx_word' id='word_1_327' title='bbox 175 3792 205 3842; x_wconf 90' lang='lat'>10</span> <span class='ocrx_word' id='word_1_328' title='bbox 224 3783 325 3841; x_wconf 83' lang='lat' dir='ltr'>‘mutim</span> <span class='ocrx_word' id='word_1_329' title='bbox 343 3787 427 3843; x_wconf 90' lang='lat' dir='ltr'>tertia</span> <span class='ocrx_word' id='word_1_330' title='bbox 444 3791 567 3842; x_wconf 88' lang='lat' dir='ltr'>neutrae.</span> <span class='ocrx_word' id='word_1_331' title='bbox 585 3786 685 3841; x_wconf 82' lang='lat' dir='ltr'>ueteris</span> <span class='ocrx_word' id='word_1_332' title='bbox 704 3789 912 3844; x_wconf 87' lang='lat' dir='ltr'>consuetudinis</span> <span class='ocrx_word' id='word_1_333' title='bbox 929 3792 961 3845; x_wconf 92' lang='lat' dir='ltr'>ut</span> <span class='ocrx_word' id='word_1_334' title='bbox 979 3831 986 3844; x_wconf 97' lang='lat'>.</span> <span class='ocrx_word' id='word_1_335' title='bbox 1006 3831 1012 3844; x_wconf 99' lang='lat'>.</span> <span class='ocrx_word' id='word_1_336' title='bbox 1031 3791 1114 3845; x_wconf 92' lang='lat' dir='ltr'>huius</span> <span class='ocrx_word' id='word_1_337' title='bbox 1132 3787 1175 3848; x_wconf 86' lang='lat' dir='ltr'>ut’</span> <span class='ocrx_word' id='word_1_338' title='bbox 1194 3792 1267 3863; x_wconf 78' lang='lat' dir='ltr'>usp.</span> <span class='ocrx_word' id='word_1_339' title='bbox 1286 3825 1322 3836; x_wconf 89' lang='lat'><strong>—</strong></span> 
     </span>
     <span class='ocr_line' id='line_1_36' title="bbox 172 3869 1322 3940; baseline 0.007 -16"><span class='ocrx_word' id='word_1_340' title='bbox 172 3887 253 3925; x_wconf 91' lang='lat' dir='ltr'>surus</span> <span class='ocrx_word' id='word_1_341' title='bbox 280 3872 337 3926; x_wconf 89' lang='lat' dir='ltr'>suri</span> <span class='ocrx_word' id='word_1_342' title='bbox 364 3871 558 3940; x_wconf 82' lang='lat' dir='ltr'>Scaliger,</span> <span class='ocrx_word' id='word_1_343' title='bbox 585 3870 663 3926; x_wconf 83' lang='lat' dir='ltr'>iurus</span> <span class='ocrx_word' id='word_1_344' title='bbox 689 3869 746 3926; x_wconf 86' lang='lat' dir='ltr'>iuri</span> <span class='ocrx_word' id='word_1_345' title='bbox 770 3872 804 3926; x_wconf 87' lang='lat' dir='ltr'>F.</span> <span class='ocrx_word' id='word_1_346' title='bbox 832 3903 866 3912; x_wconf 90' lang='lat'>—</span> <span class='ocrx_word' id='word_1_347' title='bbox 894 3878 925 3929; x_wconf 76' lang='lat'>12</span> <span class='ocrx_word' id='word_1_348' title='bbox 943 3879 1042 3929; x_wconf 87' lang='lat' dir='ltr'>neutra</span> <span class='ocrx_word' id='word_1_349' title='bbox 1067 3879 1098 3930; x_wconf 92' lang='lat' dir='ltr'>ut</span> <span class='ocrx_word' id='word_1_350' title='bbox 1121 3877 1258 3932; x_wconf 87' lang='lat' dir='ltr'>Laetus.</span> <span class='ocrx_word' id='word_1_351' title='bbox 1286 3909 1322 3920; x_wconf 80' lang='lat'>-</span> 
     </span>
     <span class='ocr_line' id='line_1_37' title="bbox 174 3955 1322 4030; baseline 0.008 -22"><span class='ocrx_word' id='word_1_352' title='bbox 174 3960 204 4008; x_wconf 87' lang='lat'>15</span> <span class='ocrx_word' id='word_1_353' title='bbox 223 3956 358 4025; x_wconf 85' lang='lat' dir='ltr'>analogia]</span> <span class='ocrx_word' id='word_1_354' title='bbox 376 3955 473 4024; x_wconf 83' lang='lat' dir='ltr'>vulg,</span> <span class='ocrx_word' id='word_1_355' title='bbox 496 3956 639 4024; x_wconf 80' lang='lat' dir='ltr'>analogiae</span> <span class='ocrx_word' id='word_1_356' title='bbox 656 3955 689 4011; x_wconf 88' lang='lat' dir='ltr'>F.</span> <span class='ocrx_word' id='word_1_357' title='bbox 709 3985 742 3994; x_wconf 95' lang='lat'>—</span> <span class='ocrx_word' id='word_1_358' title='bbox 761 3960 793 4010; x_wconf 86' lang='grc'>16</span> <span class='ocrx_word' id='word_1_359' title='bbox 811 3959 915 4025; x_wconf 88' lang='lat' dir='ltr'>cadem]</span> <span class='ocrx_word' id='word_1_360' title='bbox 934 3960 1005 4028; x_wconf 86' lang='lat' dir='ltr'>LSp,</span> <span class='ocrx_word' id='word_1_361' title='bbox 1033 3975 1066 4014; x_wconf 87' lang='lat' dir='ltr'>ea</span> <span class='ocrx_word' id='word_1_362' title='bbox 1084 3960 1115 4014; x_wconf 89' lang='lat' dir='ltr'>F.</span> <span class='ocrx_word' id='word_1_363' title='bbox 1135 3990 1167 3999; x_wconf 89' lang='lat'>—</span> <span class='ocrx_word' id='word_1_364' title='bbox 1186 3961 1322 4030; x_wconf 89' lang='lat' dir='ltr'>derigitur</span> 
     </span>
     <span class='ocr_line' id='line_1_38' title="bbox 172 4039 1320 4112; baseline 0.008 -20"><span class='ocrx_word' id='word_1_365' title='bbox 172 4039 205 4104; x_wconf 89' lang='lat' dir='ltr'>F,</span> <span class='ocrx_word' id='word_1_366' title='bbox 223 4041 350 4109; x_wconf 85' lang='lat' dir='ltr'>dirigitur</span> <span class='ocrx_word' id='word_1_367' title='bbox 368 4040 484 4097; x_wconf 87' lang='lat' dir='ltr'>ceteri.</span> <span class='ocrx_word' id='word_1_368' title='bbox 508 4069 542 4079; x_wconf 98' lang='lat'>-</span> <span class='ocrx_word' id='word_1_369' title='bbox 570 4044 600 4095; x_wconf 81' lang='lat' dir='ltr'>ll</span> <span class='ocrx_word' id='word_1_370' title='bbox 618 4055 735 4109; x_wconf 88' lang='lat' dir='ltr'>namque</span> <span class='ocrx_word' id='word_1_371' title='bbox 752 4041 828 4112; x_wconf 87' lang='lat' dir='ltr'>prior</span> <span class='ocrx_word' id='word_1_372' title='bbox 846 4043 916 4098; x_wconf 83' lang='lat' dir='ltr'>GH.</span> <span class='ocrx_word' id='word_1_373' title='bbox 943 4074 977 4082; x_wconf 96' lang='lat'><em>-</em></span> <span class='ocrx_word' id='word_1_374' title='bbox 1004 4045 1036 4096; x_wconf 83' lang='lat'>20</span> <span class='ocrx_word' id='word_1_375' title='bbox 1055 4043 1162 4099; x_wconf 87' lang='lat' dir='ltr'>comuni</span> <span class='ocrx_word' id='word_1_376' title='bbox 1179 4044 1212 4098; x_wconf 91' lang='lat' dir='ltr'>F.</span> <span class='ocrx_word' id='word_1_377' title='bbox 1230 4075 1264 4084; x_wconf 92' lang='lat'><em>-</em></span> <span class='ocrx_word' id='word_1_378' title='bbox 1282 4049 1320 4101; x_wconf 87' lang='lat' dir='ltr'>ad</span> 
     </span>
     <span class='ocr_line' id='line_1_39' title="bbox 172 4120 1319 4199; baseline 0.009 -24"><span class='ocrx_word' id='word_1_379' title='bbox 172 4128 261 4192; x_wconf 87' lang='lat' dir='ltr'>quam]</span> <span class='ocrx_word' id='word_1_380' title='bbox 287 4129 316 4180; x_wconf 88' lang='lat' dir='ltr'>at</span> <span class='ocrx_word' id='word_1_381' title='bbox 339 4141 421 4194; x_wconf 88' lang='lat' dir='ltr'>quom</span> <span class='ocrx_word' id='word_1_382' title='bbox 438 4124 634 4194; x_wconf 86' lang='lat' dir='ltr'>Scioppius.</span> <span class='ocrx_word' id='word_1_383' title='bbox 660 4120 739 4196; x_wconf 78' lang='lat' dir='ltr'>‘fort</span> <span class='ocrx_word' id='word_1_384' title='bbox 765 4127 789 4182; x_wconf 92' lang='lat' dir='ltr'>si</span> <span class='ocrx_word' id='word_1_385' title='bbox 813 4127 951 4183; x_wconf 79' lang='lat' dir='ltr'>intercidit</span> <span class='ocrx_word' id='word_1_386' title='bbox 969 4132 1038 4198; x_wconf 84' lang='lat' dir='ltr'>port</span> <span class='ocrx_word' id='word_1_387' title='bbox 1061 4120 1220 4180; x_wconf 87' lang='lat' dir='ltr'>extremum’</span> <span class='ocrx_word' id='word_1_388' title='bbox 1245 4129 1319 4199; x_wconf 85' lang='lat' dir='ltr'>LSp.</span> 
     </span>
     <span class='ocr_line' id='line_1_40' title="bbox 172 4208 1161 4278; baseline 0.001 -18"><span class='ocrx_word' id='word_1_389' title='bbox 172 4209 203 4260; x_wconf 82' lang='lat'>23</span> <span class='ocrx_word' id='word_1_390' title='bbox 223 4213 325 4274; x_wconf 89' lang='lat' dir='ltr'>omnes]</span> <span class='ocrx_word' id='word_1_391' title='bbox 344 4210 440 4278; x_wconf 81' lang='lat' dir='ltr'>vulg,</span> <span class='ocrx_word' id='word_1_392' title='bbox 460 4224 566 4264; x_wconf 90' lang='lat' dir='ltr'>omnem</span> <span class='ocrx_word' id='word_1_393' title='bbox 583 4208 606 4262; x_wconf 90' lang='lat' dir='ltr'>F</span> <span class='ocrx_word' id='word_1_394' title='bbox 625 4211 948 4277; x_wconf 59' lang='lat' dir='ltr'>concatenationum</span> <span class='ocrx_word' id='word_1_395' title='bbox 967 4208 1161 4277; x_wconf 74' lang='lat' dir='ltr'>Scioppius.</span> 
     </span>
    </p>
   </div>
   <div class='ocr_carea' id='block_1_5' title="bbox 0 0 1524 5048">
    <p class='ocr_par' dir='ltr' id='par_1_8' title="bbox 0 0 1524 5048">
     <span class='ocr_line' id='line_1_41' title="bbox 0 0 1524 5048; baseline 0 0"><span class='ocrx_word' id='word_1_396' title='bbox 0 0 1524 5048; x_wconf 95' lang='lat' dir='ltr'> </span> 
     </span>
    </p>
   </div>
  </div>
 </body>
</html>
