3038 5048
272 285 311 324 Lx
776 264 913 318 Ptdelabio.

274 443 392 518 possint;
427 443 500 518 quod
522 442 555 498 ad
579 441 723 499 verborum
746 441 931 515 temporalium
953 441 1084 499 rationem
1105 440 1213 508 attinet,
1249 459 1314 501 cum
1341 456 1438 521 partes

273 530 326 585 sint
348 535 490 602 quattuor,
514 535 680 601 temporum,
704 542 894 600 personarum,
917 542 1062 601 generum,
1094 525 1268 592 divisionum,
1302 533 1437 590 exomni

273 621 348 689 parte
370 613 496 687 quoniam
516 611 728 687 reprehendunt,
750 610 785 667 ad
805 611 910 686 singula
931 609 1112 685 respondebo.

322 719 347 773 l.
370 715 486 790 primum
516 715 589 789 quod
616 714 691 770 aiunt
722 713 857 787 analogias
883 730 937 770 non
966 714 1065 770 servari
1092 713 1119 769 in
1148 713 1336 788 temporibus,
1372 734 1436 776 cum

372 800 461 857 dicant
480 800 542 874 legi,
565 798 636 873 lego,
659 798 769 871 legam.
787 839 794 855 .
813 838 820 854 .
838 798 932 855 iniuria
953 795 1165 872 reprehendunt.

319 885 347 942 2.
370 884 491 942 similiter
512 892 603 941 errant
625 883 671 958 qui
693 883 786 939 dicunt
814 900 845 940 ex
872 890 988 957 utraque
1018 890 1096 957 parte
1124 880 1205 941 rerba
1234 884 1326 941 omnia
1355 902 1435 944 com-

372 978 475 1026 mutare
496 967 611 1042 syllabas
635 977 762 1041 oportere
783 977 830 1025 aut
851 966 961 1024 nullam.

319 1057 347 1113 3.
375 1053 438 1110 item
460 1052 528 1108 male
550 1050 763 1116 conteremini,
787 1069 856 1116 sum,
880 1068 927 1108 ero
945 1092 976 1108 ..

320 1142 348 1196 4.
372 1138 450 1195 etiam
466 1136 512 1211 qui
527 1136 580 1192 hoc
600 1135 811 1210 reprehendunt,
835 1137 907 1211 quod
931 1136 1062 1211 quaedam
1084 1133 1165 1192 verba
1186 1152 1277 1212 neque
1298 1154 1432 1212 personas

370 1220 485 1277 habeant
507 1228 596 1277 ternas
618 1236 706 1294 neque
730 1228 850 1295 tempora
872 1229 956 1286 terna,
979 1221 1006 1277 id
1027 1221 1149 1294 imperite
1163 1220 1369 1295 reprehendunt
1382 1266 1389 1281 .
1402 1266 1431 1281 ..

372 1304 406 1361 ad
421 1304 486 1362 baec
500 1305 589 1361 addita
611 1305 633 1359 si
655 1314 735 1360 erunt
757 1322 786 1361 ea
809 1322 877 1380 quae
901 1305 933 1362 de
957 1303 1135 1363 nominatibns
1157 1322 1240 1380 supra
1261 1316 1328 1364 sunt
1350 1308 1430 1376 dieta,

371 1388 475 1446 facilius
497 1390 586 1445 omnia
608 1388 755 1445 solventur.

321 1478 349 1533 5.
373 1475 471 1549 (qnod)
494 1474 600 1548 quidam
623 1473 832 1547 reprehendunt,
857 1475 930 1548 quod
951 1474 1034 1549 pluit,
1056 1474 1108 1532 luit
1129 1474 1247 1532 dicamus
1269 1475 1297 1532 in
1319 1486 1431 1551 praete·

371 1560 423 1616 rito
446 1567 473 1616 et
495 1558 628 1632 praesenti
650 1566 771 1631 tempore
788 1600 795 1614 .
813 1599 819 1613 .
836 1558 976 1616 falluntur.

322 1647 349 1704 6.
373 1646 436 1703 item
464 1643 666 1718 reprehendunt
692 1642 814 1716 quidam,
850 1644 923 1718 quod
952 1651 1048 1720 putant
1073 1643 1143 1701 idem
1172 1661 1231 1702 esse
1256 1645 1380 1704 sacrifico
1403 1655 1432 1704 ct

372 1728 524 1792 sacrificor,
548 1728 616 1784 lavat
639 1735 665 1784 et
687 1727 797 1783 lavatur.

322 1818 349 1870 7.
372 1815 434 1870 item
457 1829 506 1868 eur
527 1828 582 1867 non
604 1812 639 1868 sit
660 1811 791 1885 analogia,
814 1810 938 1876 aderunt,
962 1813 1034 1888 qnod
1056 1811 1089 1869 ab
1110 1811 1240 1870 similibus
1262 1813 1358 1872 similia
1373 1832 1430 1872 non

373 1895 550 1960 declinentur,
575 1904 605 1953 ut
626 1895 659 1952 ab
681 1896 744 1953 dolo
766 1905 794 1954 ct
816 1897 886 1955 colo.

320 1983 348 2040 8.
373 1981 406 2037 de
428 1997 460 2037 eo
484 1981 558 2055 quod
579 1982 605 2037 iu
629 1982 719 2056 priore
739 1980 809 2038 libro
832 1990 979 2038 extremum
1008 1990 1063 2046 est,
1098 1981 1159 2038 ideo
1187 1997 1242 2038 non
1271 1999 1331 2041 esse
1362 2000 1429 2040 ana-

372 2064 486 2139 logiam,
519 2066 592 2140 quod
615 2066 661 2140 qui
684 2066 717 2122 de
739 2083 768 2123 ea
789 2066 945 2140 scripserint
966 2074 1012 2121 aut
1034 2066 1104 2122 inter
1126 2083 1155 2123 se
1176 2082 1232 2123 non
1255 2070 1426 2133 conveniant,

372 2158 419 2208 ant
440 2149 467 2207 in
491 2150 590 2226 quibus
613 2151 773 2207 conveniant
794 2168 824 2208 ea
846 2167 906 2208 cum
928 2150 1128 2207 consuetudinis
1155 2151 1308 2226 discement
1328 2151 1426 2217 verbis,

372 2245 517 2311 utrumque
539 2232 693 2310 (salsuml).

362 2339 434 2397 llaec
459 2347 524 2397 sunt
553 2356 621 2414 quae
645 2338 726 2394 Varro
757 2355 805 2411 pro
838 2336 958 2411 analogia
985 2337 1019 2394 ad
1047 2336 1206 2395 anomaliam
1234 2336 1427 2396 confutandam

280 2424 409 2489 contulit,
443 2433 475 2481 ut
497 2441 549 2499 qua
571 2424 674 2480 ratione
698 2439 804 2479 eausam
833 2422 943 2495 dixerit,
976 2421 1127 2496 perspicere
1155 2421 1304 2496 possimus,
1339 2439 1427 2499 neque

276 2519 383 2582 praeter
406 2509 517 2571 initium,
540 2508 588 2565 ubi
609 2523 694 2583 pauca
715 2506 909 2572 desiderantur,
933 2507 959 2562 in
975 2505 1110 2563 codicibus
1131 2515 1163 2564 ut
1182 2507 1210 2563 in
1233 2507 1330 2564 ceteris
1351 2506 1426 2565 libris

274 2591 403 2649 loliorum
426 2592 526 2647 iactura
546 2593 670 2649 adnotata
693 2601 742 2648 est.
788 2591 859 2660 Quae
881 2591 908 2647 in
931 2599 1066 2666 postrema
1093 2599 1169 2665 parte
1191 2590 1224 2648 de
1245 2591 1334 2649 verbis
1355 2600 1427 2651 tem-

275 2675 413 2749 poralibus
436 2685 622 2750 exponuntur,
656 2693 712 2733 rem
739 2676 830 2750 paucis
852 2675 995 2733 absolvunt
1015 2675 1033 2749 ξ
1056 2677 1218 2742 95-112,
1252 2685 1280 2733 et
1307 2678 1427 2752 quamvis

274 2760 345 2815 inter
360 2777 389 2816 se
403 2768 461 2817 arte
477 2777 531 2816 non
548 2761 716 2825 cohaereant,
740 2761 831 2816 nullus
855 2770 941 2818 tamen
963 2768 1072 2834 apertus
1094 2761 1182 2817 inesse
1201 2759 1289 2817 hiatus
1310 2762 1425 2820 videtur.

275 2859 306 2899 eo
329 2844 413 2916 magis
435 2862 485 2901 nos
508 2843 634 2909 offendit,
663 2845 737 2918 qnod
758 2861 839 2918 supra
861 2843 881 2922 ξ
905 2848 943 2904 49
967 2844 1153 2901 nominatnum
1173 2843 1311 2902 vocabulis
1332 2854 1383 2904 art.
1407 2848 1424 2904 7

275 2927 349 2983 verbi
370 2927 547 3000 fragmentum
570 2930 699 2984 insertum
721 2928 828 3001 legitur,
852 2931 925 3005 quod
947 2945 1002 2986 nott
1026 2930 1166 2988 occasione
1188 2929 1249 2987 data
1269 2929 1327 2987 attis
1348 2931 1425 2998 adici,

276 3011 323 3067 sed
338 3010 425 3068 dedita
439 3027 520 3084 opera
540 3011 675 3086 singulare
696 3013 797 3069 crimen
819 3012 851 3069 ab
875 3013 1029 3071 adversariis
1051 3013 1170 3072 oblatum
1190 3012 1318 3082 refutare,
1341 3016 1426 3091 prima

275 3095 356 3154 verba
379 3095 476 3170 quibus
498 3097 602 3154 articuli
629 3097 692 3155 novi
720 3097 884 3164 indicantur,
916 3100 992 3173 quod
1021 3099 1116 3165 uiuat,
1146 3099 1308 3167 ostendunt;
1342 3100 1425 3158 nihilo

275 3181 363 3238 minus
390 3181 548 3255 scriptorem
570 3183 603 3241 do
625 3181 711 3239 verbis
740 3181 816 3257 plura
840 3199 927 3258 nequo
956 3183 1060 3240 dedisse
1093 3200 1181 3258 neque
1214 3182 1278 3242 dare
1310 3185 1426 3244 voluisse

275 3265 390 3324 sortasse
411 3267 563 3339 negandum
584 3285 640 3323 non
663 3276 713 3324 est.

360 3350 439 3421 Quod
459 3351 539 3425 igitur
561 3352 593 3408 ad
614 3350 695 3409 verba
717 3352 874 3426 temporalia
894 3353 1004 3428 attinet,
1038 3351 1126 3409 omnia
1155 3350 1210 3409 lere
1238 3351 1343 3426 integra
1364 3369 1425 3411 ser-

277 3446 335 3493 vata
358 3453 416 3494 esse
438 3436 628 3499 concedemus;
663 3453 731 3509 quae
759 3454 822 3494 vero
850 3438 1014 3511 praecedunt
1042 3444 1070 3493 et
1096 3437 1128 3493 ad
1153 3436 1273 3511 singulas
1295 3437 1425 3494 orationis

275 3529 365 3594 partes
387 3520 543 3578 reseruntur
564 3518 584 3597 ξ
607 3524 719 3586 7-95,
750 3538 819 3595 quae
841 3521 945 3595 singula
968 3519 1032 3577 dicit
1053 3521 1175 3586 crimina,
1206 3538 1287 3596 supra
1309 3538 1325 3578 a
1346 3521 1425 3579 nobis

274 3605 391 3663 articulis
413 3604 479 3662 XXV
503 3604 709 3680 comprehensa,
742 3606 871 3681 pleraque
898 3605 981 3679 prima
1004 3613 1031 3661 et
1053 3606 1138 3663 media
1163 3603 1183 3682 ἓ
1205 3610 1307 3666 7-74
1337 3606 1424 3679 (aetio.

278 3690 392 3766 1-18)
419 3689 601 3765 negligenter,
636 3700 769 3765 postrema
800 3688 966 3766 §to—95
997 3688 1082 3762 (artie.
1110 3690 1244 3764 tta-25)
1270 3708 1303 3748 ex
1330 3689 1425 3748 ordine

274 3781 384 3832 tractata
406 3776 563 3850 reperimus.
608 3775 711 3832 Etenim
742 3775 818 3849 primi
847 3773 952 3830 articuli
978 3776 1056 3834 t-o
1080 3777 1114 3834 ad
1142 3776 1292 3834 universam
1320 3783 1425 3850 partem

273 3859 418 3930 portinent,
442 3878 497 3917 non
519 3859 552 3916 ad
574 3857 726 3932 singularia,
750 3867 781 3916 ut
802 3859 892 3933 inepte
913 3859 965 3916 laoe
986 3859 1048 3917 loco
1070 3862 1174 3936 positos
1197 3878 1256 3918 esse
1276 3860 1335 3936 ipso
1355 3859 1424 3918 Var-

270 3958 338 4000 rone
361 3954 471 4002 anetore
493 3945 572 4009 dieas,
596 3944 641 4018 qni
664 3944 690 3999 in
714 3943 804 4019 priore
825 3943 894 4000 libro
916 3943 981 4002 haec
1004 3947 1144 4011 universis,
1167 3962 1223 4001 non
1245 3944 1424 4020 singularibus

273 4033 369 4085 contra
397 4029 546 4104 analogiam
575 4030 737 4103 argumentis
764 4028 892 4096 inseruit;
926 4038 976 4086 art.
1007 4035 1023 4089 7
1054 4039 1162 4106 praeter
1192 4029 1363 4103 opinionem,
1392 4037 1425 4087 ut

272 4112 435 4179 monuimus,
459 4115 533 4171 verbi
554 4115 715 4172 mentionem
738 4112 816 4179 laoit;
841 4115 858 4173 8
882 4132 914 4172 ex
935 4115 1090 4172 nominandi
1112 4129 1210 4186 genere
1233 4114 1425 4173 derivationem

271 4194 464 4254 vocabulorum
487 4200 601 4274 attingit,
626 4216 693 4274 quae
708 4200 742 4257 ad
756 4215 833 4256 casus
855 4199 950 4258 referri
971 4207 1075 4274 potest;
1099 4197 1202 4256 9-10
1220 4212 1297 4255 casus
1313 4207 1421 4268 tractat3
