3038 5048
457 324 572 381 LIBER
589 323 756 393 QUINTUS.
793 327 939 390 §ar-38.
1231 321 1268 381 15

125 495 295 564 duodecim
316 495 453 563 decuriis
481 502 579 563 actus.
625 497 773 581 Iugerum
794 496 914 562 dictum
937 495 1052 564 iunctis
1074 494 1200 562 duobus
1221 513 1272 562 ac·
1293 493 1314 577 ἓ
1335 500 1375 564 35

124 597 210 665 tibus
232 597 405 682 quadratis.
457 596 607 665 Oenturia
634 599 771 683 primum
792 617 813 663 a
840 603 966 665 centum
993 596 1154 682 iugeribus
1182 595 1269 663 dicta
1283 612 1349 665 (ιιι
1363 614 1422 668 sab

124 704 182 784 est,
205 707 278 786 post
300 699 461 784 duplicata
483 699 611 767 retinuit
631 720 756 784 nomen,
779 707 814 766 ut
835 699 936 766 tribus
950 698 1094 778 [actibus]
1116 696 1268 781 multiph-

125 807 217 869 catae
230 800 316 868 idem
331 806 440 869 tenent
453 821 577 869 nomen.
612 801 655 868 Ut
670 819 734 885 qua
748 802 888 884 agebant
901 802 1009 882 Actus,
1032 799 1078 865 sic
1093 817 1158 881 qua
1173 797 1269 864 vehe-

87 915 102 966 5
123 904 211 987 bant,
227 900 343 986 [actus]
358 903 439 970 Viae
453 902 574 986 diotae3
598 921 660 984 quo
675 903 794 970 fructus
810 902 1040 984 convehebant,
1058 900 1171 967 Villae.
1207 917 1270 981 qua

125 1004 216 1072 ibant
237 1005 280 1070 ab
302 1003 349 1070 itu
371 1006 435 1072 lter
455 1005 675 1090 appellarunt;
698 1024 761 1087 qua
782 1004 817 1071 id
838 1009 983 1089 anguste,
1005 1001 1137 1084 Semita‚
1163 1008 1199 1068 ut
1220 1019 1268 1066 ιι-

125 1107 218 1174 miter
240 1105 368 1173 dictum.
412 1110 500 1190 Ager
522 1106 624 1172 cultus
646 1106 688 1171 ab
710 1126 748 1174 eo
772 1106 859 1188 quod
879 1106 925 1172 ibi
947 1125 1019 1173 oum
1041 1111 1126 1172 terra
1147 1103 1270 1170 semina
1291 1109 1310 1188 ξ
1332 1110 1373 1175 36

125 1208 356 1284 coalescebant,
379 1211 412 1274 ιι
432 1208 474 1273 ab
488 1207 662 1274 inconsitns
683 1208 829 1277 incultus.
873 1208 968 1289 Quod
983 1207 1120 1293 primum
1135 1225 1177 1271 ex
1191 1223 1269 1289 agro

124 1312 221 1397 plano
235 1312 356 1377 fructus
378 1308 558 1394 capiebant,
581 1308 720 1393 Campus
741 1310 861 1396 dictus;
883 1315 1093 1396 posteaquam
1114 1326 1270 1392 proxuma

72 1421 101 1473 ιι
123 1410 288 1497 superiora
309 1411 381 1478 loca
402 1412 507 1479 colere
530 1418 710 1496 coeperunt,
732 1433 754 1479 a
774 1411 908 1481 colendo
923 1411 1029 1478 Colles
1050 1408 1269 1494 appellarunt,

125 1533 205 1597 quos
226 1532 321 1596 agros
335 1534 399 1580 non
414 1513 563 1581 colebant
576 1519 707 1598 propter
720 1513 821 1580 silvas
836 1511 941 1580 antid
962 1531 1073 1596 genus,
1094 1509 1151 1577 ubi
1172 1527 1270 1594 pecus
1284 1530 1314 1581 p.
1325 1529 1351 1572 ss
1366 1530 1422 1583 spa)

124 1615 225 1700 possit
246 1614 347 1700 pasci,
373 1622 406 1681 ιι
427 1612 644 1699 possidebant,
671 1614 795 1681 abusu
819 1615 906 1678 solco
930 1613 1038 1681 Saltus
1058 1610 1268 1679 nominarunt.

123 1717 204 1783 haec
219 1717 316 1784 etiam
331 1715 446 1782 Graeci
469 1713 557 1803 νέμη,
579 1716 679 1783 nostri
699 1716 848 1783 Nemora.
893 1717 979 1799 Ager
1000 1715 1087 1799 quod
1101 1711 1271 1780 videbatur
1293 1723 1313 1802 ξ
1336 1724 1375 1786 37

123 1817 281 1903 pecudum
304 1837 342 1883 ac
361 1817 516 1900 pecuniae
539 1836 609 1884 esse
630 1817 885 1902 fundamentum,
912 1818 1044 1885 Fundus
1067 1814 1186 1897 dictus,
1215 1817 1271 1879 aut

71 1928 102 1980 ιι
123 1919 210 2001 quod
231 1919 335 1986 fundit
363 1924 518 2003 quotquot
540 1917 632 1986 annis
657 1920 766 1985 multa.
814 1920 929 1986 Vincta
954 1939 992 1985 ac
1014 1919 1134 1984 Vineae
1161 1935 1181 1982 a
1205 1914 1271 1982 vite

124 2022 233 2089 multa.
277 2020 358 2086 Vitis
381 2041 401 2086 a
422 2019 507 2106 vino,
529 2020 565 2087 id
590 2042 612 2087 a
635 2021 684 2104 vi;
711 2019 785 2087 hinc
811 2019 981 2088 Vindemia
1003 2019 1089 2102 quod
1111 2025 1160 2085 est
1188 2015 1269 2081 vini·
1357 2029 1360 2035 ’

124 2122 231 2190 demia
252 2126 309 2189 aut
329 2122 503 2189 vitidemia.
548 2121 648 2204 Sages
672 2122 713 2187 ab
736 2127 821 2204 satu,
851 2122 885 2187 id
908 2128 958 2188 est
978 2122 1108 2188 semine.
1153 2116 1270 2185 Semen

124 2224 211 2307 quod
239 2245 304 2290 non
333 2224 429 2309 plane
456 2224 491 2290 id
520 2222 605 2306 qnod
634 2221 718 2290 inde.
775 2223 849 2290 hino
878 2222 1070 2306 Seminaria,
1100 2219 1269 2301 Sementis,

122 2325 200 2391 item
222 2325 296 2392 alia.
341 2323 434 2404 Quod
463 2330 588 2409 segetes
615 2325 734 2408 lerunt,
762 2326 899 2411 Fruges,
928 2325 1102 2392 ahuendo
1123 2322 1269 2404 Fructus,

71 2438 101 2489 ab
123 2446 144 2492 a
166 2447 223 2512 spe
246 2426 378 2512 Spioac,
401 2426 457 2492 nbi
479 2433 512 2491 et
533 2425 654 2510 culmi,
684 2428 769 2509 quod
790 2426 824 2493 in
845 2448 967 2496 summo
1001 2446 1113 2511 campo
1136 2441 1268 2490 nascun-
1283 2450 1315 2502 p.
1326 2451 1351 2494 ιι
1365 2450 1422 2506 spu)

123 2534 175 2595 tur
203 2534 235 2595 et
265 2547 423 2593 summum
453 2527 586 2594 culmen.
639 2528 702 2595 Ubi
734 2532 892 2595 frumenta
923 2536 1027 2613 secta,
1061 2532 1096 2594 nt
1128 2531 1269 2595 terantur
1290 2539 1311 2617 g
1334 2541 1373 2605 38

193 2733 205 2783 1
225 2731 317 2783 actum
329 2745 400 2783 corr.
411 2744 448 2783 ex
460 2732 539 2783 actua
550 2728 584 2798 F,
602 2732 680 2784 actus
698 2730 812 2785 ceteri.
841 2731 909 2800 fort.
928 2730 980 2787 del.
993 2736 1071 2788 actus
1084 2738 1115 2788 ιιι
1131 2749 1170 2788 ea:
1181 2749 1268 2804 marg.

122 2813 228 2868 illatum
239 2816 341 2877 (actum
349 2812 432 2884 LSp).
442 2845 475 2853 -
489 2813 629 2883 lprimnm
638 2820 663 2879 a]
676 2814 746 2885 LSp,
758 2815 845 2886 primo
857 2833 875 2872 a
886 2817 971 2886 vulg.
988 2817 1077 2888 prima
1085 2818 1215 2874 FMVab
1223 2834 1270 2888 op,

122 2899 261 2970 primoli,
284 2898 402 2969 primum
419 2897 454 2952 H.
478 2930 512 2939 -
538 2901 553 2952 3
578 2903 629 2964 est]
650 2900 720 2969 fort.
739 2904 774 2956 ιι.
796 2932 829 2940 -
854 2901 971 2967 actibus]
994 2918 1047 2956 om.
1071 2903 1159 2972 vulg.
1183 2919 1221 2958 aa:
1237 2903 1269 2972 B,

121 3000 139 3040 a
166 2984 254 3040 tribus
279 2983 486 3039 Lachmann.
522 2983 629 3039 actibus
653 2985 710 3039 alia
737 2986 816 3040 lectio
839 2986 946 3041 videtur
966 3003 1024 3041 csse
1040 3003 1098 3058 pro
1122 2986 1269 3056 iugeribus,

121 3070 196 3139 quod
221 3067 382 3124 vocabulum
402 3068 492 3139 paulo
518 3075 582 3123 aare
608 3068 717 3140 legitur.
743 3100 778 3111 -
804 3075 900 3140 lqua]
927 3071 1190 3140 Augustinus,
1216 3088 1269 3140 quo

121 3153 216 3208 libri.
244 3184 278 3194 -
305 3153 452 3218 uehebantl
471 3155 542 3209 uehe
565 3154 615 3209 tier.
639 3170 710 3209 cras.
734 3156 764 3209 ia
780 3155 813 3211 F.
839 3185 874 3196 -
901 3161 915 3211 5
943 3159 1031 3221 actus]
1055 3173 1107 3211 om.
1130 3155 1267 3211 Laetus.

121 3268 154 3278 —
167 3243 231 3307 quo]
244 3238 366 3306 Aldus,
384 3239 457 3307 quod
468 3238 560 3293 libri.
579 3268 614 3276 —
631 3243 787 3295 conuehant
798 3241 834 3309 H,
852 3243 974 3297 conuche
1012 3241 1068 3297 tv.
1087 3270 1120 3279 -
1138 3245 1154 3293 6
1172 3240 1206 3294 ab
1218 3239 1269 3303 itn]

120 3323 269 3389 Laetus,
288 3322 323 3376 ab
340 3323 438 3379 habitu
456 3323 541 3378 libri
560 3324 604 3390 (ab
623 3325 700 3379 abitu
719 3325 825 3391 GHV).
844 3356 878 3365 -
897 3327 1016 3382 semiitcr
1033 3327 1119 3394 vulg.
1138 3342 1175 3381 ex
1193 3326 1269 3379 B.-

122 3411 137 3461 8
155 3407 199 3470 ab]
217 3406 316 3472 libri,
334 3407 369 3460 ab
387 3424 419 3462 eo
438 3408 511 3476 quod
529 3407 657 3464 Laetus
677 3425 737 3463 oum
755 3411 786 3464 Β.
805 3404 882 3480 ‘fort
901 3412 935 3466 ab
954 3407 1014 3466 dcl?
1032 3411 1103 3480 LSp.
1123 3440 1156 3449 —
1176 3415 1207 3463 10
1224 3425 1268 3464 ce·

120 3494 222 3561 parunt
239 3489 272 3543 F.
290 3519 323 3529 -
344 3495 371 3545 11
392 3490 421 3545 id
438 3497 533 3561 genus]
552 3493 674 3564 intellige
690 3498 803 3564 propter
814 3493 843 3547 id
854 3511 949 3563 genus.
968 3526 1002 3535 —
1021 3499 1052 3549 12
1069 3498 1164 3565 posset
1180 3494 1267 3549 Mul·

122 3576 181 3630 ler.
200 3603 234 3614 -
252 3573 339 3642 salvo]
353 3575 561 3647 Lachmann,
579 3594 629 3633 suo
647 3578 742 3633 libri.
765 3579 841 3648 conf.
855 3580 924 3648 LSp.
955 3570 1029 3636 Uber
1041 3581 1067 3634 d.
1080 3579 1173 3634 Kritik
1184 3596 1211 3649 p.
1225 3584 1266 3634 42.

120 3688 156 3701 -
177 3662 206 3714 13
226 3658 308 3714 etiarn
325 3675 377 3713 om.
396 3661 515 3716 Aldus.
533 3692 566 3701 -
583 3663 658 3732 greci
675 3663 708 3717 F.
724 3660 803 3734 ‘fort
827 3666 900 3733 qnod
918 3661 1028 3720 Graeci‘
1049 3664 1119 3735 LSp.
1138 3695 1172 3703 -
1190 3664 1267 3739 νέμῃ]

121 3745 332 3811 Lachmann,
351 3744 435 3798 ΝιΜιι
456 3744 478 3798 F
498 3747 611 3810 (iarun.)
631 3747 703 3815 MV,
721 3744 813 3817 νομάς
829 3749 1099 3817 Rholandellus‚
1118 3744 1207 3806 ἄλσεα
1219 3753 1268 3805 και

122 3825 213 3898 νομάς
231 3829 254 3883 Β
272 3833 299 3882 ct
310 3831 466 3900 praemisso
484 3825 520 3887 τὰ
539 3832 636 3900 vulg,
655 3831 754 3888 lacuna
772 3834 800 3886 r'a
813 3835 917 3888 celcris.
936 3865 968 3874 -
989 3838 1021 3888 14
1037 3835 1172 3904 pecodum
1183 3834 1215 3890 F.
1234 3865 1268 3876 -

124 3937 154 3987 15
168 3931 267 3986 fundat
283 3931 417 3986 Laetus.
435 3962 469 3971 -
493 3918 756 3989 multa·¹³·ninctaF
780 3935 815 4001 (R
839 3935 901 3989 add.
926 3952 998 3989 marr.
1017 3939 1051 3999 2).
1074 3965 1109 3975 -
1132 3939 1163 3992 18
1186 3937 1267 4006 plone

121 4016 259 4071 Mullor.
283 4045 317 4055 -
341 4017 477 4082 sementis]
505 4017 584 4088 LSp.‚
609 4023 753 4074 sementem
775 4020 874 4086 libri,
902 4024 1051 4074 sementum
1074 4021 1109 4088 H,
1134 4027 1267 4079 sementes

122 4100 262 4155 Laetus.
282 4129 314 4139 —
334 4103 366 4155 20
389 4101 446 4166 ubi]
470 4117 519 4157 cac
542 4103 590 4156 ubi
607 4103 806 4158 Lachmann
823 4106 895 4159 Mus.
914 4104 1002 4159 Rhan.
1021 4105 1056 4175 H,
1077 4110 1142 4161 1843
1160 4125 1187 4177 p.
1207 4112 1265 4163 361.

120 4178 198 4254 ‘sort
216 4185 268 4239 dal.
287 4186 336 4255 (cs.
355 4185 388 4240 R.
407 4186 440 4240 R.
463 4191 545 4254 1,48)
568 4189 623 4242 nisi
644 4188 750 4259 aliquid
766 4185 919 4243 intercidit?
938 4188 1008 4259 LSp.
1045 4207 1082 4245 aa
1097 4191 1154 4262 suit
1176 4208 1194 4247 a
1216 4208 1266 4262 spe

123 4269 225 4338 spicae,
242 4285 260 4325 a
278 4271 394 4326 culmine
411 4270 512 4326 culmi?
529 4303 562 4313 -
582 4277 686 4343 campo]
705 4288 789 4343 scapo
806 4272 994 4344 Scioppius.
1013 4307 1045 4316 -
1065 4280 1095 4332 ιι
1110 4293 1215 4334 sumam
1232 4277 1265 4332 F.
