3038 5048
175 279 235 338 192
512 282 627 338 LIBER
644 281 819 339 OCTAVUS.
855 284 998 351 §8t-SA

19 471 51 521 u
61 465 166 520 went
175 457 293 526 Lucius
314 458 409 524 Aelia
431 464 463 524 et
484 455 618 537 Quintus
640 455 747 521 Mucia
768 455 874 521 virilia
895 453 1025 522 nomina
1047 473 1123 522 esse
1146 454 1337 542 debebunt;

173 562 251 627 item
278 581 361 643 quae
389 558 498 626 dieunt
519 559 562 625 ab
584 557 698 625 Rhodo
721 556 830 623 Andro
853 556 969 640 Cyzico
992 555 1139 624 Rhodius
1163 553 1337 646 [Andrias]

69 658 151 738 §82
174 663 350 748 cyzioem
382 661 527 729 similiter
555 659 701 745 Cyzicius
730 659 794 726 dici
816 667 848 727 et
870 659 950 727 civis
978 660 1226 745 unusquisque3
1262 683 1337 729 nam

173 775 209 832 ut
229 764 415 832 Athenaeus
435 763 551 830 dicitur
571 764 681 830 rhetor
701 762 843 843 nomine,
874 762 935 827 etsi
956 780 1019 826 non
1040 760 1084 826 sit
1106 761 1337 850 Atheniensis,

173 867 207 934 in
236 868 297 934 hoc
326 867 396 952 ipso
423 867 573 948 analogia
599 885 663 931 non
693 871 757 949 est,
792 861 877 946 quod
904 863 961 930 alii
987 863 1117 930 nomina
1140 863 1274 933 habent
1295 868 1369 933 abs

70 964 151 1044 §83
175 969 319 1054 oppidis,
358 970 414 1036 alii
451 975 507 1035 aut
541 988 605 1034 non
638 967 760 1033 hahent
791 973 847 1033 aut
878 986 942 1032 non
973 970 1008 1031 ut
1040 964 1162 1032 debent
1199 967 1338 1036 habent.

174 1071 303 1139 Habent
325 1072 470 1157 plerique
491 1069 632 1136 libertini
654 1090 675 1136 a
697 1069 869 1154 municipio
890 1066 1092 1152 manumissi,
1126 1067 1161 1133 iu
1186 1086 1273 1154 quo,
1304 1079 1341 1137 ut

21 1180 97 1233 (obt
105 1174 364 1240 s1>·¹lsocistatum
391 1181 423 1239 et
449 1174 594 1239 fanorum
621 1171 721 1255 servi,
755 1191 818 1238 non
845 1175 1013 1238 servarunt
1039 1169 1257 1254 proportione
1288 1193 1340 1239 ra·

175 1276 308 1359 tionem,
343 1283 375 1340 et
397 1276 611 1342 Romanorum
641 1273 749 1340 liberti
778 1271 957 1340 debuerunt
980 1270 1044 1337 dici
1065 1277 1100 1336 ut
1122 1292 1143 1337 a
1165 1273 1340 1341 Faventia

173 1378 387 1475 Faventinus²
411 1376 453 1442 ab
476 1376 576 1442 Reate
598 1375 751 1440 Reatinus
773 1375 820 1441 sic
841 1395 862 1440 a
883 1375 986 1439 Roma
1007 1374 1186 1457 Romanus,
1217 1381 1256 1441 ut
1277 1395 1340 1443 no·
1361 1385 1387 1436 to

175 1481 335 1546 minantur
349 1499 370 1545 a
384 1477 541 1543 libertinis
563 1476 624 1541 orti
645 1476 765 1561 publici
785 1477 871 1543 servi
894 1475 1038 1558 Romani,
1061 1474 1116 1558 qui
1136 1476 1340 1544 manumissi

71 1572 91 1651 ἕ
114 1570 154 1634 84
177 1589 252 1647 ante
274 1600 369 1662 quam
391 1580 450 1646 sub
472 1578 677 1661 magistratus
699 1577 844 1654 nomina,
878 1579 934 1660 qui
956 1597 1011 1644 eos
1032 1577 1232 1663 liberarunt,
1263 1599 1339 1646 suc-

175 1682 289 1749 cedere
304 1687 483 1765 coeperunt.
519 1679 602 1745 Hine
617 1699 744 1762 quoque
759 1680 817 1746 illa
831 1681 961 1747 nomina
975 1681 1084 1761 Lesas,
1102 1679 1338 1763 Ufenas,.0ar-

243 1956 255 2004 1
275 1950 330 2006 elia
346 1950 379 2005 F.
398 1980 432 1989 -
450 1953 466 2004 2
483 1946 560 2018 ‘fort
579 1941 720 2004 dicuntur'
738 1947 810 2018 LSp.
828 1978 862 1988 -
879 1949 1010 2015 Andrias]
1029 1947 1135 2003 addidit
1152 1948 1279 2005 Aldus.
1301 1981 1337 1989 —

175 2039 189 2089 3
204 2034 337 2106 Cyzicius]
350 2035 435 2090 cizius
447 2037 479 2103 B,
496 2036 634 2091 Laetus.
654 2063 688 2074 -
705 2034 742 2103 et]
756 2033 873 2089 debebat
885 2038 912 2088 st
924 2033 963 2088 sic
975 2034 1109 2088 Mttller.
1123 2063 1157 2072 —
1170 2032 1242 2088 ciuis
1256 2035 1337 2090 dice·

173 2124 251 2176 retur
267 2121 355 2190 vulg.
373 2136 411 2177 ex
429 2122 461 2190 B,
478 2121 584 2176 diceret
598 2121 658 2174 eius
675 2120 713 2175 Μ.
732 2149 767 2157 -
783 2123 856 2183 nam]
873 2135 930 2173 non
947 2117 1072 2173 Christ.
1092 2148 1126 2156 —
1144 2121 1160 2170 4
1178 2121 1220 2183 ut]
1242 2123 1277 2174 ut
1295 2120 1335 2175 ab

174 2205 289 2261 Athenis
302 2205 334 2274 B,
351 2205 496 2275 Laetus,
514 2208 587 2276 quod
603 2207 638 2262 ab
657 2203 774 2260 Athenis
792 2203 985 2274 Scioppius.
1005 2234 1037 2243 -
1055 2204 1127 2257 inter
1143 2206 1177 2258 ut
1193 2209 1222 2256 et
1241 2206 1334 2259 Athe·

173 2307 259 2346 nasus
278 2291 393 2346 lacunae
409 2293 518 2362 sipnum
530 2293 627 2362 posuit
644 2290 779 2344 Muller.
803 2283 879 2344 ‘fort
902 2289 998 2344 debuit
1020 2287 1076 2343 dici
1098 2291 1127 2343 et
1146 2287 1214 2343 ciuis
1242 2305 1334 2346 unus-

174 2377 288 2446 quisque
313 2377 436 2445 nomine,
467 2380 498 2431 ut
523 2379 707 2431 Athenaeus.
727 2417 734 2429 .
753 2372 938 2429 Atheniensis.
965 2368 1008 2427 In’
1042 2372 1115 2442 LSp.
1144 2373 1169 2427 si
1197 2389 1266 2428 uera
1290 2381 1336 2431 est

173 2462 305 2516 librorum
321 2463 475 2534 scripture,
500 2462 540 2516 sie
557 2461 609 2514 erit
625 2459 809 2530 explicanda:
835 2476 891 2513 neon
908 2465 950 2512 est
965 2462 1074 2513 snecta
1091 2473 1124 2512 ea
1142 2458 1280 2530 anuloqr'u
1298 2469 1334 2517 ut

174 2546 240 2600 eicis
257 2561 328 2599 unus
345 2547 461 2616 quisque
478 2546 512 2600 ab
531 2544 633 2616 oppido
656 2560 707 2598 suo
732 2545 839 2599 nomine
862 2545 890 2598 s'u
909 2561 941 2599 us
965 2543 1018 2608 (uel
1032 2543 1086 2608 ius)
1108 2550 1226 2598 exeunte
1252 2544 1333 2600 diea-

174 2637 227 2684 tur.
251 2647 314 2684 nem
336 2630 410 2701 quod
426 2630 483 2685 ulia
500 2631 611 2684 tremine
628 2631 726 2684 uttieset
743 2638 773 2684 ut
790 2629 961 2695 Athenaeus,
986 2635 1060 2684 recte
1077 2628 1146 2683 illud
1163 2628 1276 2698 quidem
1294 2631 1331 2687 ab

174 2715 343 2771 Athenarum
368 2715 471 2787 oppido
498 2714 662 2770 declinatum
688 2713 807 2780 uidetur,
833 2714 881 2768 sed
906 2730 962 2768 non
988 2713 1070 2768 hebet
1094 2730 1191 2768 rhomen
1215 2713 1251 2768 ab
1279 2732 1331 2786 op-

172 2800 257 2871 pido,
292 2801 366 2871 quod
396 2816 453 2855 non
484 2804 524 2854 est
553 2799 731 2854 Atheniensis.
761 2801 815 2854 nisi
845 2801 921 2868 forte
946 2799 986 2853 sie
1013 2797 1164 2872 traicienda
1189 2805 1271 2852 susat:
1300 2803 1331 2856 et

175 2884 241 2939 civis
268 2901 339 2940 unus
366 2886 488 2955 quisque.
512 2885 541 2937 in
567 2886 620 2938 hoc
646 2883 707 2952 ipso
733 2884 860 2953 analogia
884 2900 941 2940 non
966 2888 1009 2939 est
1035 2884 1108 2953 quod
1130 2925 1137 2937 .
1162 2924 1169 2936 .
1195 2886 1245 2938 aut
1271 2900 1330 2940 non

174 2971 206 3022 ut
232 2969 332 3024 debent
356 2970 473 3036 hahent,
503 2973 535 3024 ut
560 2970 718 3024 Athenaeus
745 2968 847 3023 dicitur
872 2970 967 3024 rhetor
992 2969 1101 3024 nomine
1128 2968 1181 3024 etsi
1206 2982 1264 3021 non
1291 2969 1330 3025 sit

174 3052 358 3107 Atheniensis.
376 3081 411 3092 -
428 3055 561 3108 atheneus
577 3054 610 3107 F.
637 3084 670 3092 —
697 3053 742 3122 sit]
760 3055 835 3125 conf.
854 3052 975 3108 Reiter
997 3072 1025 3124 p.
1044 3058 1085 3108 65.
1115 3084 1147 3093 -
1175 3057 1190 3107 8
1209 3068 1328 3123 propor-

173 3135 259 3203 tione]
282 3135 359 3213 LSp,
386 3138 592 3206 proportionem
615 3139 653 3207 F,
678 3139 882 3208 proportionem
900 3142 928 3192 et
944 3139 1084 3203 Laetus.
1111 3137 1326 3208 proportionem.

175 3220 284 3276 Etenim
313 3221 498 3276 Romanorum
521 3222 712 3292 Scioppius.
739 3253 773 3262 -—
801 3227 831 3277 10
854 3226 886 3277 ut
912 3224 1085 3278 nominentur
1107 3222 1229 3278 libertini
1260 3224 1329 3278 olim

174 3306 278 3376 pubHci
302 3307 372 3361 servi
393 3305 510 3361 Romani
536 3306 750 3362 Vertranius.
774 3302 855 3377 ‘fort
882 3307 1036 3375 Romanus,
1063 3323 1118 3364 non
1144 3311 1176 3362 ut
1201 3307 1328 3363 nomina·

174 3393 276 3448 bantur
292 3391 426 3460 libertini,
453 3390 507 3446 orti
523 3392 627 3460 publici
649 3393 732 3458 servi,
757 3386 897 3448 Romanii'
922 3393 994 3461 LSp.
1020 3423 1055 3432 —-
1083 3397 1113 3448 11
1133 3392 1186 3448 orti
1207 3392 1327 3462 publicis
1390 3429 1394 3438 ·

175 3478 229 3534 orti
250 3477 338 3532 seruis
361 3477 411 3531 sed
432 3477 519 3531 deleto
542 3478 696 3548 posteriore
719 3478 773 3534 orti
789 3482 822 3535 F.
850 3484 880 3534 at
906 3478 1082 3533 nominantur
1108 3477 1244 3542 libertini,
1272 3479 1328 3533 orti

174 3563 327 3630 apublicis
344 3563 428 3618 serris
446 3562 631 3617 Romanenses
649 3562 695 3631 qui
713 3561 849 3617 Miller.
874 3562 913 3631 ef.
931 3564 1074 3633 Lipsius
1100 3562 1168 3618 Exc.
1194 3563 1230 3616 ad
1255 3562 1324 3618 Tae.

174 3651 246 3702 Anu.
270 3648 376 3717 11,so.
407 3648 538 3702 Becker
566 3647 658 3717 Antiq.
682 3646 723 3715 II,
750 3651 773 3715 1,
798 3651 838 3702 80.
873 3647 1015 3704 Hhhner
1042 3646 1201 3718 Ephemeris
1228 3647 1326 3718 Epigr.

174 3733 210 3800 11,
233 3737 275 3788 91.
301 3763 336 3772 -
363 3736 395 3787 12
412 3732 621 3801 magistratuum
647 3730 805 3800 Lipsius,
843 3732 1034 3803 Scioppius.
1061 3734 1100 3805 ef.
1126 3734 1261 3788 Lachm.
1288 3734 1328 3788 ad

174 3818 257 3872 Luce.
281 3836 309 3889 p.
328 3823 387 3872 404.
418 3818 488 3888 sort.
510 3817 707 3886 magistratum.
734 3847 768 3856 —-
793 3818 903 3873 nomine
928 3820 1105 3875 Pithoeus.
1134 3850 1168 3858 —
1196 3821 1225 3873 13
1244 3833 1327 3888 cepe·

174 3906 242 3957 runt
258 3903 291 3956 F.
317 3934 351 3944 -
376 3903 467 3958 Lenas
493 3903 722 3971 Augustinus.
750 3933 781 3940 —
809 3903 932 3958 cartinas
951 3906 989 3974 F,
1012 3904 1134 3960 corrinus
1157 3920 1190 3972 a,
1216 3903 1328 3959 carinas

175 3986 331 4042 Laetus.
361 3983 406 4042 ‘uu
435 3981 583 4042 Larinasi'
611 3988 683 4056 LSp.
712 3987 798 4042 Lesas
826 3987 950 4044 Suffenas
975 3989 1088 4044 Carinas
1113 3988 1142 4042 0.
1166 3989 1199 4042 L.
1224 3987 1328 4044 Roth

175 4068 274 4126 Philol.
299 4072 387 4142 XVII,
407 4076 464 4141 lib,
491 4073 568 4143 eones.
588 4074 622 4127 A.
640 4071 746 4127 Riese
763 4073 877 4141 XXVII,
896 4078 954 4130 305.
981 4104 1015 4114 -
1039 4084 1165 4127 mecenas
1183 4074 1216 4143 F,
1241 4073 1327 4129 mies-

175 4169 225 4208 nas
243 4172 268 4210 a.
296 4188 327 4198 -
355 4163 384 4213 et
410 4175 462 4212 om.
490 4158 556 4214 GH.
584 4188 617 4196 —
642 4159 701 4212 tam
727 4154 805 4226 sibim
838 4159 861 4213 F
889 4157 971 4225 (he.
998 4161 1090 4212 tumen
1116 4157 1265 4225 uerbinus).
1292 4189 1328 4199 -

176 4238 323 4308 nominum]
345 4243 485 4297 nominum
508 4242 712 4297 similitudinem
734 4241 872 4299 Laetus.
897 4244 925 4297 s'n
947 4243 970 4295 F
993 4246 1061 4311 post
1076 4240 1217 4297 nominum
1238 4258 1327 4300 vacua
