3038 5048
651 301 687 354 lle
705 302 778 356 codd.
796 301 853 371 Vp.
1302 320 1334 358 κε

182 481 210 536 in
230 497 249 555 p
272 496 326 536 non
348 477 462 551 legitur,
497 493 585 550 neque
606 477 664 550 ipse
686 487 774 534 tamen
796 478 1010 551 interpolationis
1039 480 1162 536 immunis
1192 489 1246 545 est;
1281 481 1333 538 tria

183 565 253 622 enim
276 581 345 621 nova
366 561 445 618 verba
467 562 494 618 in
515 560 569 618 fine
591 562 678 618 addit:
702 579 762 618 εεεε
775 563 909 619 uideatur
923 571 948 620 et
963 565 1060 619 mundi
1075 566 1211 620 daminus.
1255 565 1330 622 Aliae

182 666 293 726 quoque
314 647 499 704 adnotationes
520 648 633 720 margini
653 646 804 704 adiciendae
825 647 970 705 verborum
991 648 1078 704 ordini
1098 649 1185 706 illatae
1206 658 1279 714 sunt,
1303 658 1333 707 ut

180 785 212 853 V,
233 787 291 843 165
308 784 403 839 eodem
424 799 499 838 anno
522 789 651 855 apertam
671 783 727 837 imo
750 783 888 840 clausam.
911 779 945 864 li.
962 783 1037 840 Liuii
1057 737 1078 840 l.
1100 783 1193 858 Super
1214 784 1331 850 lectulis,

1092 874 1104 905 0

183 920 231 977 nbi
252 927 390 994 praeterea
412 934 495 991 marg.
519 936 547 992 p.
570 919 710 993 scripture
726 931 814 974 ‘error
836 921 1049 993 appertissimus
1066 938 1106 994 ‚y
1128 921 1201 976 enirn
1224 921 1332 977 clausa.

187 1005 239 1069 Vll,
267 1006 324 1062 109
349 1011 405 1058 tres
427 1003 530 1075 scripsi
551 1003 584 1059 P.
599 1003 742 1078 Septumio
760 1047 766 1059 .
784 1047 792 1064 .
809 1004 860 1060 tris
884 1005 934 1060 tibi
956 1010 1074 1078 quorum
1095 1005 1140 1061 bic
1163 1012 1204 1060 εει
1226 1006 1332 1071 tertius,

183 1089 308 1146 librarius
330 1088 390 1146 cod.
413 1105 430 1161 p
453 1086 529 1144 alteri
557 1106 666 1164 quoque
695 1106 793 1146 nomen
821 1089 973 1146 addendum
1002 1099 1100 1164 putans
1130 1091 1181 1146 tibi
1203 1106 1218 1145 o
1242 1091 1333 1145 cicera

183 1189 301 1249 quorum
323 1173 404 1229 dedit.
426 1172 495 1229 idem
517 1173 559 1241 ni,
577 1177 615 1232 35
639 1174 742 1230 inclusa
763 1175 797 1231 de
818 1191 868 1231 sao
891 1175 1004 1231 inseruit
1026 1175 1100 1232 solus
1122 1176 1218 1248 itaque
1239 1173 1282 1248 (ut
1303 1174 1334 1230 in

182 1260 250 1316 eliis
266 1273 373 1330 qnoque
388 1257 480 1322 rebus,
503 1260 545 1313 sic
566 1260 597 1315 in
618 1260 702 1315 rebus
724 1260 835 1324 caudit,
857 1257 937 1332 quia)
954 1261 984 1316 in
1000 1304 1007 1319 .
1023 1301 1030 1315 .
1046 1259 1077 1324 V,
1098 1263 1156 1319 106
1172 1261 1333 1316 tastuatium

183 1345 310 1418 quadiu
332 1349 404 1399 testu
426 1343 507 1399 caldo
530 1345 709 1417 coquebatur,
732 1352 763 1400 ut
785 1346 870 1401 etiam
889 1362 963 1402 nuuc
978 1343 1150 1402 Matralibus
1172 1345 1204 1400 id
1223 1345 1334 1416 faciunt

182 1438 344 1493 matronae,
368 1428 414 1502 Vp
436 1435 583 1485 matronae
604 1438 720 1485 nostrae
738 1431 908 1503 praecipue,
943 1430 1017 1505 quad
1046 1430 1096 1486 nisi
1123 1430 1185 1486 fons
1207 1439 1234 1487 et
1255 1430 1332 1503 origo

183 1516 280 1572 horum
294 1513 426 1569 librorum
442 1521 584 1576 constaret,
608 1515 775 1572 hauddubie
796 1515 874 1571 multi
894 1515 1049 1590 probarent,
1073 1516 1120 1571 sed
1142 1515 1226 1571 altum
1249 1515 1333 1571 silen-

183 1601 249 1656 tium
270 1599 297 1654 in
320 1597 415 1654 ceteris
437 1597 583 1655 codicibus.

267 1683 397 1759 Lepidum
412 1684 539 1758 estquod
554 1684 607 1749 Vll,
626 1686 664 1743 52
680 1684 807 1740 Varronis
828 1683 917 1740 verbis
939 1685 1063 1740 latrones
1086 1685 1154 1740 dicti
1176 1685 1211 1741 ab
1234 1685 1332 1749 latere,

183 1770 231 1843 qui
246 1770 350 1825 circum
365 1768 457 1824 latera
473 1777 555 1824 erant
569 1771 630 1841 reqi
644 1769 807 1843 adscriptum
823 1779 875 1827 est:
899 1770 1027 1826 solebant
1042 1770 1221 1826 collaterales
1237 1785 1333 1841 requrn

185 1856 241 1912 ciri
262 1855 351 1926 sortes
374 1861 456 1925 atque
477 1854 580 1926 inteqri
603 1870 670 1919 esse,
694 1856 743 1910 sed
766 1856 890 1910 latrones
906 1855 977 1920 aian·
1000 1871 1075 1910 nunc
1091 1856 1223 1910 dicuntur
1237 1855 1330 1919 aliter,

181 1941 231 1996 sed
253 1940 377 1996 latrones
398 1940 458 1994 vari
479 1946 553 1994 sunt.
597 1939 734 1996 Interdum
756 1939 865 1996 haereas
880 1948 907 1995 et
924 1939 1046 1995 Varronis
1069 1957 1128 1996 esse
1150 1941 1241 1996 credas
1266 1957 1333 2012 quae

180 2023 290 2082 lectoris
311 2032 376 2079 sunt
397 2023 585 2096 expositiones,
607 2033 639 2080 ut
662 2024 724 2087 Vlli,
750 2025 788 2081 22
813 2033 911 2081 cantra
933 2026 1094 2082 naturalem
1117 2025 1332 2081 declinationem

182 2111 261 2174 dica,
284 2124 356 2182 quae
377 2124 434 2164 nan
455 2125 475 2163 a
496 2109 669 2180 sinqularum
691 2109 783 2163 aritru
804 2111 961 2172 uoluntate,
988 2111 1038 2165 sed
1060 2126 1078 2164 a
1101 2110 1239 2164 communi
1262 2125 1329 2164 con·

181 2209 267 2249 sensu
282 2235 288 2248 .
302 2195 398 2264 itaque
421 2209 514 2249 ornnes
536 2194 674 2266 impositis
695 2194 855 2249 nominibus
878 2209 973 2248 eorum
994 2195 1059 2249 item
1081 2194 1223 2249 declinant
1246 2209 1330 2249 casus

183 2287 267 2351 atqua
290 2279 384 2333 eadem
405 2280 486 2334 mado
509 2279 606 2333 dicunt
627 2278 710 2333 buius
733 2278 902 2333 Artemidori
929 2285 954 2333 ει
975 2277 1061 2332 buius
1083 2277 1161 2332 Ionis
1190 2285 1216 2332 et
1244 2277 1329 2332 buius

181 2361 316 2436 Ephesii,
349 2364 390 2418 sic
425 2364 455 2418 r'n
484 2364 596 2420 casibus
627 2364 708 2428 aliis,
742 2363 789 2419 ubi
816 2363 865 2436 Vp
894 2362 977 2417 buius
1012 2361 1131 2434 epbesis.
1157 2360 1205 2418 Sic
1235 2370 1327 2415 rectus

177 2449 336 2521 plerunque
349 2448 535 2512 valuntarius,
559 2449 664 2521 obliqui
678 2449 824 2504 naturales
846 2463 956 2521 semper
972 2489 978 2502 .
993 2449 1034 2502 sic
1056 2448 1087 2502 in
1110 2447 1222 2502 casibus
1245 2446 1329 2514 aliis,-

181 2533 288 2606 egregie
309 2549 371 2589 sane
393 2533 427 2588 ad
448 2533 574 2588 Varronis
595 2534 762 2596 sententiam,
786 2533 834 2588 sed
855 2550 958 2590 merum
979 2534 1247 2606 interpretamentum
1269 2549 1328 2587 csse

182 2633 233 2673 nec
254 2618 418 2674 intercidisse
440 2617 540 2691 aliquid
560 2636 609 2692 per
625 2613 870 2692 ὃμοιοτὲλευτον
892 2627 920 2674 ει
942 2618 1008 2674 ardo
1031 2635 1121 2674 rerum
1143 2626 1171 2672 et
1192 2615 1254 2673 lons
1276 2633 1327 2672 ce-

183 2702 271 2758 dicum
291 2702 310 2758 F
332 2703 393 2758 satis
416 2703 572 2759 ostendunt.
615 2703 645 2767 X,
671 2706 708 2762 37
740 2713 852 2777 propter
881 2703 965 2759 simile
993 2703 1089 2759 cadens
1119 2710 1234 2776 uterque
1260 2700 1329 2759 liber

184 2787 283 2870 omittit
302 2787 379 2844 verba
401 2787 437 2843 ab
460 2789 583 2860 analcqa
606 2789 682 2844 dicta
785 2788 889 2845 babent
911 2790 1028 2844 eundem
1056 2790 1139 2858 loqon
1162 2805 1229 2860 quae
1252 2794 1334 2860 quat-

172 2881 247 2932 tuor
267 2890 392 2929 versuum
414 2874 528 2947 spatium
551 2874 792 2947 comprehendunt,
814 2875 878 2931 item
901 2874 968 2930 duas
991 2874 1033 2937 lx,
1055 2876 1122 2937 100,
1145 2874 1192 2928 sed
1216 2872 1235 2924 V
1259 2874 1332 2946 quad

183 2957 229 3027 sui
251 2965 292 3013 est
391 2958 488 3029 suero,
511 2976 528 3032 p
551 2959 591 3014 his
614 2958 720 3016 duobus
742 2960 854 3032 amplius
877 2958 972 3016 additis
994 2959 1082 3014 verbis
1104 2975 1165 3013 sum
1187 2974 1234 3013 era
1258 2958 1332 3030 quad

183 3041 228 3113 sui
251 3050 291 3098 εει
315 3084 322 3098 .
346 3084 351 3099 .
377 3044 499 3115 ,fuera
532 3044 573 3107 lli,
600 3045 637 3102 25
663 3044 760 3100 desunt
788 3045 815 3101 in
837 3054 954 3117 utraque
976 3051 1002 3098 ει
1024 3044 1089 3100 inde
1112 3044 1150 3098 ad
1173 3044 1299 3099 brumam
1325 3085 1331 3098 .

184 3143 277 3182 noune
300 3129 366 3184 luna
389 3135 418 3182 ut
441 3145 459 3184 a
481 3129 540 3185 sole
563 3130 680 3185 discedit
702 3131 741 3184 ad
760 3130 928 3201 aquilonem,
953 3129 984 3189 X,
1003 3132 1020 3187 8
1036 3130 1062 3184 si
1085 3129 1206 3200 eiusdem
1219 3129 1331 3200 qeneris

185 3220 284 3276 essent,
307 3215 416 3284 uimque
435 3221 661 3286 praeponeretur
682 3215 755 3268 idem
780 3231 815 3270 ac
837 3216 977 3270 diceretur
1000 3222 1049 3269 aut
1069 3213 1115 3268 bic
1137 3214 1217 3285 lepus
1241 3219 1266 3266 ει
1287 3210 1333 3266 bic

185 3312 281 3352 nemus
304 3305 351 3352 aut
372 3297 424 3352 boc
447 3299 525 3371 lepus
549 3306 574 3353 ει
595 3299 647 3353 boc
669 3315 774 3354 nemus.
799 3300 852 3363 Vll,
870 3303 888 3357 4
904 3299 954 3356 soli
976 3299 1098 3354 lacunam
1119 3299 1184 3355 exF
1206 3296 1332 3352 reddunt.

185 3380 228 3447 lx,
252 3384 269 3440 3
293 3399 325 3438 ex
343 3398 405 3438 vera
427 3384 594 3440 correctione
615 3382 697 3439 verba
725 3384 792 3440 male
820 3385 932 3457 repetita
960 3383 1040 3438 bomo
1070 3400 1105 3439 ea
1133 3384 1230 3438 anima
1259 3382 1332 3452 quod

186 3472 228 3521 εει
250 3467 387 3532 amittant,
419 3468 492 3542 vulg.
515 3486 547 3524 ex
568 3469 588 3524 B
610 3469 698 3524 minus
720 3478 793 3525 recte
815 3470 930 3542 primum
952 3469 1112 3525 uocabulum
1133 3468 1213 3522 bama
1237 3466 1332 3521 ceteris

185 3549 278 3607 deletis
299 3553 404 3608 retinet.
435 3553 487 3617 Vll,
515 3556 572 3612 109
596 3554 654 3610 iure
675 3562 706 3608 ut
728 3552 868 3627 videtur*)
891 3570 940 3610 ars
968 3571 1018 3627 pro
1042 3552 1232 3609 suscribunt.
1261 3549 1332 3606 haurd

254 3713 279 3777 ¹⁸)
296 3713 332 3766 ne
351 3715 432 3766 tribus
450 3716 494 3781 qui
512 3715 667 3782 praecedunt
685 3715 773 3783 primis
798 3715 870 3766 libris
888 3715 969 3768 Varro
991 3716 1066 3767 dicit:
1095 3718 1125 3765 in
1144 3715 1235 3779 prima
1257 3714 1334 3765 valu-

185 3783 258 3832 mine
275 3787 315 3832 est
331 3798 401 3848 quae
417 3783 545 3833 dicantar
562 3800 611 3834 cur
629 3780 803 3854 ἐτυμολογικὴ
814 3800 899 3850 neque
911 3784 966 3836 AN
978 3787 1023 3847 sit,
1040 3799 1124 3849 neque
1142 3798 1172 3832 eu
1190 3782 1266 3832 utilis
1282 3784 1333 3846 sit,·

185 3852 217 3900 in
234 3851 346 3900 tamuda
366 3866 433 3916 quae
450 3853 506 3900 sint
523 3867 573 3901 cur
590 3856 617 3902 ει
634 3869 679 3902 ara
697 3868 729 3902 aa
744 3856 782 3902 sit
798 3857 824 3902 et
839 3853 915 3902 utilis
931 3856 983 3915 sit‚·
1009 3855 1038 3901 in
1056 3854 1136 3901 tertio
1155 3866 1224 3915 quae
1240 3848 1331 3910 forma

186 3919 371 3984 etprrologiaa.
406 3917 465 3969 inde
483 3916 558 3969 facile
577 3920 662 3985 quivis
680 3937 726 3971 arr
743 3920 853 3971 scribere
871 3925 987 3987 poterat,
1006 3917 1075 3986 quod
1092 3935 1107 3969 a
1124 3933 1165 3969 me
1184 3933 1287 3986 qnoque
1305 3919 1330 3970 in

186 3984 297 4037 editione
309 3987 394 4052 priore
406 3987 456 4037 iem
468 3986 629 4053 propositum
647 4003 713 4039 nunc
730 3988 830 4053 recepi;
848 3992 934 4040 tamen
952 3987 984 4038 de
1002 3986 1109 4037 veritate
1127 3985 1244 4038 dubitare
1262 3987 1331 4039 licet.

186 4067 244 4105 nan
271 4068 337 4120 qnae
363 4054 404 4105 bic
431 4053 464 4105 de
486 4053 660 4121 etymologiae
684 4056 755 4106 libris
778 4055 878 4106 ll—lV
896 4055 1026 4118 manantur,
1056 4054 1172 4121 aequalia
1194 4061 1254 4107 sunt
1280 4055 1332 4105 iliis

185 4118 308 4172 Vlll-ll
331 4121 363 4174 de
387 4121 517 4187 analogia3
544 4122 570 4171 in
595 4121 634 4172 his
657 4138 718 4175 vero
740 4122 810 4175 nulla
833 4122 863 4175 fit
888 4124 949 4176 artis
967 4121 1077 4181 menii0;
1104 4123 1190 4190 itaque
1208 4123 1250 4174 hic
1267 4122 1331 4174 nihil

185 4188 345 4256 requirimus,
364 4191 425 4242 nisi:
444 4205 629 4255 cur-..neque
645 4193 783 4256 sitneque
801 4208 832 4241 aa
850 4193 926 4242 utilis
943 4192 995 4252 sit,·
1012 4192 1042 4240 in
1059 4192 1173 4243 seeundo
1192 4207 1260 4257 quae
1277 4193 1333 4240 sint

186 4271 233 4310 rur
252 4260 279 4306 ει
294 4260 331 4308 rit
347 4263 373 4309 et
389 4258 465 4309 utilis
482 4261 525 4310 rit.
1210 4283 1211 4287 ¹
