3060 5048
514 295 628 350 LIBER
645 293 817 351 DECIMUS.
854 295 999 362 §su-41.
1267 291 1328 351 249

185 470 284 535 verba
317 468 394 534 bina
424 467 547 534 habent
579 465 715 534 eundem
745 458 857 551 λόγον,
891 465 1005 533 dicitur
1037 469 1206 545 utrumque
1238 484 1330 549 sepa-

184 571 279 637 ratim
303 563 480 655 ἀνάλογον,
504 568 599 634 simul
621 569 740 635 collata
761 572 911 650 quattuor
932 566 1091 649 analogia.
1135 567 1219 632 Nam
1241 567 1330 632 utin
1352 565 1372 645 ἕ
1394 566 1434 629 38

188 673 333 758 geminis,
356 691 427 738 cum
452 672 591 737 similem
614 669 749 736 dicimus
771 687 842 736 csse
856 668 1097 736 Menaechmum
1112 668 1330 751 Menaechmo,

187 772 227 838 dc
251 793 312 839 uno
336 771 487 856 dicimus,
520 771 758 838 similitudinem
781 791 853 838 esse
874 770 908 835 in
930 771 997 854 his,
1031 770 1072 837 de
1100 774 1251 855 utroque,
1284 771 1331 836 sic

146 891 258 941 scum
290 874 425 942 dicimus
458 873 593 941 eandem
622 872 778 939 rationem
806 873 926 939 habere
955 891 1062 938 assem
1093 871 1136 937 ad
1164 871 1331 938 semissem

186 995 282 1058 quam
304 975 403 1042 habet
423 977 458 1042 in
479 981 610 1060 argento
636 975 749 1042 libella
776 973 819 1041 ad
846 975 1044 1054 simbellam,
1078 973 1157 1056 quid
1184 973 1226 1040 sit
1254 994 1329 1039 ana·

183 1078 281 1162 logon
303 1077 515 1161 ostendimus;
550 1097 623 1144 cum
652 1077 823 1160 utrubique
853 1077 986 1145 dicimus
1017 1082 1049 1142 et
1074 1075 1108 1142 in
1137 1096 1211 1143 aere
1240 1076 1330 1141 etin

184 1185 317 1263 argento
347 1198 419 1247 esse
453 1178 590 1248 eandem
622 1180 793 1263 rationem,
826 1183 893 1244 tum
927 1177 1062 1245 dicimus
1095 1177 1137 1244 de
1170 1177 1330 1264 analogia.

184 1283 228 1349 Ut
250 1281 379 1349 Sodalis
401 1288 434 1348 et
456 1281 634 1364 Sodalitas,
669 1281 757 1348 divis
779 1285 811 1348 θῖ
834 1280 956 1348 (livitus
977 1302 1042 1349 non
1065 1287 1114 1347 θεῖ
1135 1280 1238 1364 idem,
1270 1277 1329 1345 sed
1350 1279 1369 1357 ἕ
1392 1279 1432 1342 39

133 1397 162 1448 ru
183 1388 350 1466 utrumque
373 1384 414 1450 ab
438 1383 551 1451 eodem
573 1404 612 1450 ac
634 1384 850 1467 coniunctum,
873 1384 920 1450 sic
942 1383 1101 1466 analogon
1124 1388 1156 1449 θῖ
1178 1381 1484 1463 analogiae-cisne

183 1485 269 1552 idem
291 1506 355 1552 non
378 1492 435 1569 est,
458 1484 615 1553 seditem
637 1492 686 1552 est
707 1490 961 1569 congeneratum.
1006 1483 1113 1562 Quare
1135 1484 1163 1550 si
1185 1483 1330 1551 homines

187 1588 363 1671 sustuleris,
387 1586 508 1654 sodalis
531 1587 710 1672 sustuleris;
733 1588 762 1654 si
784 1588 915 1671 sodalis,
938 1585 1159 1670 sodalitatem
1186 1585 1233 1652 sie
1254 1586 1331 1653 item

183 1689 211 1754 si
245 1690 411 1756 sustuleris
446 1687 558 1773 λόγον,
597 1689 762 1756 sustuleris
795 1691 968 1773 analogon3
1005 1689 1032 1755 si
1065 1688 1115 1772 id,
1148 1687 1329 1772 analogian.

184 1792 274 1871 Quae
298 1811 370 1856 cum
399 1790 483 1856 inter
511 1809 546 1855 se
573 1796 663 1855 tanta
689 1791 754 1856 sint
781 1793 986 1875 cognatione,
1020 1790 1154 1857 debebis
1182 1790 1331 1874 suptilius
1354 1789 1373 1866 ἐ
1396 1791 1437 1852 41)

132 1904 160 1954 rs
183 1892 294 1958 audire
318 1911 414 1973 quam
438 1890 501 1956 dici
524 1895 704 1975 expectare,
726 1891 832 1959 idest
854 1913 926 1959 oum
948 1891 1059 1959 dixero
1083 1891 1160 1975 quid
1184 1893 1223 1959 de
1246 1899 1331 1959 utro-

185 2012 246 2074 que
270 2001 302 2058 et
324 1993 384 2058 erit
405 2012 589 2078 commune,
623 1989 682 2080 [oe]
711 2001 879 2077 expectes,
913 1991 988 2059 dum
1017 2013 1077 2076 ego
1106 1993 1139 2060 in
1161 1994 1329 2062 scribendo

185 2092 372 2159 transferam
394 2093 427 2158 in
448 2095 622 2178 reliquum,
655 2095 714 2161 sed
741 2101 777 2161 ut
803 2093 911 2179 potius
938 2100 973 2161 tu
995 2114 1189 2179 persequare
1211 2097 1328 2163 animo.

184 2194 274 2261 Haec
295 2194 375 2262 fiunt
396 2196 429 2261 in
455 2196 662 2263 dissimilibus
685 2197 797 2280 rebus,
830 2202 865 2262 ut
886 2197 920 2262 in
939 2195 1080 2262 numeris
1102 2197 1130 2260 si
1160 2196 1330 2263 contuleris
1353 2195 1373 2275 ἕ
1395 2199 1434 2258 41

185 2315 256 2362 oum
280 2317 342 2363 uno
366 2298 446 2384 duo,
479 2299 525 2365 sic
548 2320 618 2366 cum
642 2298 752 2367 decem
776 2298 904 2384 viginti,
938 2319 1014 2364 nam
1037 2292 1151 2383 [quum]
1174 2297 1330 2362 rationem

134 2411 163 2462 uo
187 2397 250 2465 duo
272 2399 316 2464 ad
337 2420 434 2466 unum
456 2400 593 2484 babent,
626 2400 762 2467 eandem
789 2401 910 2467 babent
937 2400 1052 2484 viginti
1073 2397 1116 2465 ad
1138 2397 1263 2480 decem,
1298 2398 1332 2464 in
1342 2412 1372 2464 o·
1380 2410 1487 2464 serene)

185 2501 322 2567 nummis
346 2503 388 2581 [in
409 2501 578 2579 similibus]
605 2502 652 2568 sic
679 2509 728 2569 θεῖ
756 2501 800 2568 ad
826 2523 925 2570 unum
946 2501 1148 2570 victoriatum
1171 2499 1331 2581 denarius,

272 2773 284 2822 1
304 2770 386 2839 logon
402 2770 435 2825 F.
464 2802 496 2811 —
523 2772 624 2828 dicitur
642 2775 794 2841 utrumque]
812 2770 880 2839 daec
900 2776 1041 2843 postrema
1063 2775 1130 2824 sunt
1145 2769 1228 2826 acrba
1245 2769 1274 2822 ic
1292 2769 1330 2822 M.

186 2851 240 2907 duo
262 2855 332 2908 enim
348 2855 423 2924 sollu
440 2872 512 2927 qaae
532 2857 715 2927 sequebantur
732 2857 840 2912 desecto
856 2862 928 2912 suot.
954 2886 988 2895 —
1014 2858 1030 2908 2
1048 2848 1202 2926 ἀνάλογον]
1220 2854 1261 2922 H,
1279 2868 1333 2909 anu.

185 2938 267 3006 logon
284 2938 315 2992 F.
339 2969 373 2979 -
398 2941 535 3010 analogia]
554 2942 587 3010 G,
613 2941 752 3006 Miller,
781 2941 898 3010 analoga
924 2940 947 2994 F
974 2956 1034 2996 cum
1052 2939 1155 2995 ceterr's.
1179 2968 1214 2977 -
1236 2940 1251 2992 3
1271 2952 1334 2992 cum

187 3022 310 3087 similem]
328 3024 405 3094 LSp,
425 3026 453 3080 C.
471 3027 505 3080 F.
524 3026 568 3081 W.
587 3026 715 3081 Mulier
731 3043 759 3097 p.
779 3030 828 3081 812
846 3042 892 3096 sq,
910 3041 970 3081 cum
989 3025 1076 3080 similo
1092 3025 1129 3094 F,
1148 3040 1230 3093 quom
1246 3023 1333 3078 similo

185 3107 225 3177 H,
252 3111 392 3166 consimile
409 3110 469 3181 Vp.
496 3143 530 3151 —
555 3113 742 3167 menechmum
768 3113 926 3167 monechmo
952 3110 985 3165 F.
1012 3140 1047 3149 -
1073 3107 1283 3165 4similitud1ne
1309 3107 1332 3160 F
1402 3135 1406 3143 ·

186 3193 276 3262 (Keil),
299 3196 502 3251 similitudinem
520 3203 551 3250 ut
567 3196 620 3250 oid.
637 3197 661 3251 F
680 3199 796 3264 (Groth),
823 3212 896 3252 corr.
913 3195 1002 3265 vulg.
1020 3226 1054 3235 -
1072 3198 1197 3264 utroque]
1217 3199 1334 3261 utroque

186 3279 313 3334 aucam·
329 3282 416 3348 vulg.
435 3311 468 3320 -
488 3286 503 3335 5
520 3281 631 3346 habore]
649 3278 726 3353 ‘fort
745 3282 847 3337 habero
863 3281 894 3336 in
911 3277 985 3336 acre’
1000 3281 1070 3350 LSp.
1088 3311 1123 3319 —
1141 3283 1156 3333 6
1174 3279 1332 3347 argumento

187 3361 219 3430 F,
238 3379 308 3417 corr.
327 3364 416 3419 Pius.
444 3394 477 3403 -
503 3365 661 3430 simbcllam}
680 3367 813 3434 singulam
831 3366 869 3435 F,
896 3381 968 3420 corr.
987 3366 1079 3420 Pius.
1102 3365 1178 3434 cons.
1195 3365 1221 3419 V
1239 3365 1255 3432 ξ
1275 3365 1332 3416 174.

186 3476 220 3487 -
239 3451 253 3500 8
271 3448 405 3502 rationem
423 3465 495 3503 corr.
513 3465 551 3503 ex
567 3443 794 3517 significationem
810 3450 842 3505 F.
867 3482 899 3491 —
924 3455 992 3517 tum]
1011 3467 1073 3507 cum
1089 3450 1175 3518 vulg.
1195 3448 1272 3516 (Hi).
1300 3474 1334 3484 —

189 3536 218 3586 11
239 3531 376 3586 sedidem
394 3532 622 3601 Augustinus.
642 3564 675 3573 —
694 3539 725 3588 13
743 3539 856 3604 ΛΟγΟΝ
876 3537 909 3591 F.
927 3567 961 3576 —
984 3540 1017 3590 14
1035 3533 1173 3605 suptilius]
1191 3533 1232 3587 sic
1248 3531 1280 3584 F.
1300 3559 1334 3568 -

188 3621 219 3670 15
233 3617 453 3671 audiriAldus.
472 3646 506 3656 -—
526 3622 557 3673 16
570 3633 685 3674 comune
696 3618 728 3674 F.
748 3649 781 3658 -
798 3625 842 3685 ne]
861 3620 924 3675 add.
943 3618 1139 3690 Scioppius.
1157 3647 1193 3659 -
1211 3621 1242 3670 17
1251 3609 1333 3683 ‘fort

187 3701 235 3756 scd
252 3704 284 3755 tu
301 3701 393 3770 potius
412 3696 590 3770 persequarc'
601 3702 674 3772 LSp.
692 3735 725 3743 -
745 3707 777 3758 18
794 3699 874 3775 ‘fora
893 3705 917 3760 si
935 3721 1018 3774 quom
1035 3699 1194 3759 contuleris’
1215 3701 1288 3767 LSp.
1303 3726 1334 3736 -

189 3790 219 3840 19
238 3787 287 3849 sic]
306 3785 331 3839 si
349 3785 418 3842 GH.
445 3818 478 3826 —
505 3792 595 3856 quam]
613 3786 676 3842 add.
693 3787 810 3843 Aldus.
836 3819 870 3828 -
897 3793 930 3843 20
948 3790 1062 3845 eandem
1084 3803 1165 3858 quam
1186 3785 1292 3840 habent
1308 3797 1336 3851 p.

186 3899 217 3908 —·›
246 3871 298 3925 XX
321 3872 357 3927 ad
382 3871 494 3928 XGH.
520 3903 554 3911 —
582 3871 661 3927 21in
687 3873 819 3929 similibus
846 3890 898 3928 om.
926 3872 1142 3944 Scioppius
1163 3869 1245 3942 prob.
1271 3867 1336 3935 LSp

186 3955 284 4011 Philol.
302 3955 389 4010 XVII.
408 3960 467 4027 306,
494 3956 618 4012 similiter
641 3957 794 4013 Mullor.
821 3957 851 4012 in
870 3959 987 4016 nummIs
1004 3957 1181 4013 dissimilibus
1199 3951 1339 4009 christ

185 4041 283 4096 Philol.
302 4041 389 4111 XVII,
408 4045 449 4096 63.
475 4038 555 4111 ‘sora
574 4041 603 4094 in
626 4041 759 4097 similibus
776 4043 853 4098 utin
870 4039 997 4098 nummis'
1017 4044 1079 4113 LSp
1099 4046 1207 4113 postea.
1234 4067 1269 4076 —
1297 4034 1339 4090 sic

187 4163 237 4224 cst]
256 4121 281 4214 εἷ
297 4168 312 4214 θ
330 4161 363 4229 F,
390 4161 462 4216 aude
479 4160 504 4215 si
521 4164 563 4216 ost
580 4160 715 4216 Laetus.
743 4157 822 4230 ‘sort
841 4160 865 4215 si
882 4165 924 4217 est
941 4155 986 4217 nt'
1005 4160 1076 4230 usp.
1104 4158 1177 4215 sicut
1194 4159 1238 4211 est
1255 4153 1336 4210 Rei·

186 4247 281 4313 terp.
301 4249 332 4298 27
351 4263 390 4315 sq.
409 4246 500 4301 malim
518 4249 550 4301 ut
567 4250 617 4301 est.
1296 4271 1300 4278 ·
