3038 5048
553 312 832 370 urnaasrxrus.
869 315 945 396 §61-
964 316 1005 367 σῖ.
1333 309 1372 367 as

230 482 319 567 quod
341 477 400 566 iu[s
422 481 560 570 dcldicat
581 491 714 569 accepta
735 487 905 569 potestate,
927 482 962 547 id
984 486 1033 549 est
1055 478 1245 564 quibusdam
1267 481 1374 546 verbis

232 584 369 652 dicendo
384 583 469 669 tinit;
493 586 539 652 sio
554 588 639 652 enim
653 585 744 653 aedis
759 606 850 653 sacra
864 607 884 651 a
904 585 1090 669 magistratu
1112 582 1262 666 pontifice
1283 602 1373 668 prae-

233 695 328 755 eunte
357 687 492 755 dicendo
515 687 689 755 dedicatur.
742 689 826 755 Hinc
848 684 900 773 [ab
924 686 1071 764 dicando]
1093 685 1265 769 Indicium3
1300 685 1375 751 hinc

231 791 290 856 illa
316 787 526 876 [indictivum]
547 790 667 856 Indixit
688 790 796 874 funus,
831 790 976 857 Prodixit
1002 788 1102 871 diem,
1137 786 1271 854 Addixit
1292 787 1517 853 iudi-occsa*

191 892 331 976 scium3
365 893 440 959 hino
468 894 666 977 appellatum
688 893 816 959 Dictum
845 893 879 957 iu
910 892 1007 957 mimo
1030 911 1069 957 ac
1089 890 1266 973 Dictiosus3
1299 889 1374 956 hinc

231 995 265 1061 in
287 995 458 1080 manipulis
481 995 694 1062 castrensibus
717 995 865 1078 ducibus;
886 994 960 1060 hine
982 995 1112 1060 Dictata
1132 993 1166 1058 in
1188 992 1278 1075 ludo;
1300 994 1374 1059 hino

232 1098 378 1164 Dictator
400 1098 552 1182 magister
573 1097 699 1182 populi,
723 1097 808 1179 quod
829 1098 857 1164 is
879 1120 900 1163 a
921 1097 1050 1165 consule
1073 1095 1170 1162 debet
1192 1094 1272 1178 diei3
1301 1095 1375 1161 hino

232 1200 365 1283 antiqua
385 1201 444 1267 illa
464 1201 538 1266 Diei
559 1221 656 1266 numo
679 1207 711 1267 et
733 1201 821 1266 Dicis
845 1220 941 1267 causa
963 1205 996 1265 et
1017 1198 1181 1265 Addictus.
1239 1198 1275 1263 Si
1301 1196 1374 1264 dico
1396 1193 1416 1271 ἓ
1438 1194 1478 1254 62

233 1302 311 1385 quid
345 1301 456 1388 [sciens
483 1303 645 1380 sciscienti
678 1303 764 1385 quod
793 1304 823 1369 ei
853 1302 938 1385 quod
966 1302 1124 1385 ignoravit
1158 1301 1267 1384 uado,
1300 1300 1376 1367 hinc

180 1416 211 1467 10
233 1407 343 1472 Doeeo
366 1406 567 1489 declinatum,
591 1406 643 1472 vel
666 1407 752 1488 quod
775 1426 845 1471 cum
868 1404 1028 1488 docemus,
1051 1402 1194 1486 dicimus,
1216 1403 1269 1469 vel
1289 1402 1375 1484 quod

232 1508 288 1591 qui
310 1505 478 1592 docentur,
510 1505 700 1573 inducuntur
721 1508 754 1573 in
775 1506 810 1572 id
833 1505 919 1588 quod
941 1505 1102 1573 docentur.
1145 1506 1196 1572 Ab
1221 1525 1260 1572 eo
1290 1503 1376 1587 quod

179 1693 182 1702 1
232 1609 293 1676 scit
315 1607 430 1676 ducere
453 1609 507 1691 qui
530 1614 579 1676 est
601 1609 675 1674 Dux
698 1615 753 1674 aut
774 1611 910 1692 Ductor,
940 1605 1087 1691 [Ductor]
1111 1607 1165 1690 qui
1185 1608 1232 1674 ita
1253 1606 1377 1674 inducit
1386 1618 1462 1670 tntu
1471 1618 1508 1668 sr-

231 1717 267 1776 ut
300 1710 422 1778 doceat.
474 1712 526 1777 Ab
560 1710 703 1778 docendo
737 1707 863 1796 [docere
895 1707 1073 1796 disciplina]
1107 1711 1230 1778 discere
1263 1710 1376 1777 litteris

232 1813 434 1880 commutatis
467 1813 587 1898 paucis.
631 1813 682 1879 Ab
717 1813 830 1880 eodem
863 1813 1017 1898 principio
1046 1814 1260 1898 Documenta,
1295 1833 1376 1898 quae

318 2033 342 2088 F
359 2033 407 2088 fol.
426 2038 442 2087 9
461 2034 501 2088 sic
518 2033 589 2088 enim
609 2074 614 2085 .
635 2073 641 2086 .
662 2074 668 2087 .
687 2033 751 2088 olim
769 2038 936 2090 ornamento.

320 2245 333 2295 1
352 2240 458 2294 iudicat
479 2239 578 2308 libri,
604 2239 648 2292 ius
671 2238 745 2293 dicat
768 2237 855 2306 vulg.
879 2255 917 2293 es:
933 2239 966 2292 B.
993 2232 1069 2307 ‘sort
1091 2235 1146 2294 ius'
1166 2238 1235 2308 LSp.
1262 2238 1306 2292 ius
1329 2239 1377 2292 de-

233 2327 308 2381 dicat
324 2327 426 2396 scripsi
443 2330 469 2380 et
480 2330 600 2396 propter
615 2325 795 2394 posteriorem
812 2323 945 2393 syllabam
962 2339 1019 2377 coc.
1036 2324 1119 2378 iudex
1136 2328 1163 2379 et
1177 2329 1293 2394 propter
1310 2323 1379 2378 boec

232 2413 375 2482 sequeutia
393 2411 433 2466 sic
450 2411 521 2464 enim
540 2451 546 2463 .
567 2451 573 2463 .
593 2410 744 2465 dedicatur.
771 2440 804 2448 -
830 2408 906 2463 litem
924 2408 1020 2463 definit
1036 2407 1158 2463 Franc.
1182 2408 1316 2463 Daniel.
1343 2438 1378 2447 -

234 2500 251 2550 2
269 2497 309 2551 sic
327 2495 408 2560 enim]
426 2495 460 2550 cb
477 2495 520 2549 tris
538 2495 636 2566 incipit
651 2494 751 2563 sotium
768 2510 871 2547 portum
889 2493 948 2548 cort.
960 2493 993 2547 F.
1014 2524 1044 2531 -
1062 2489 1138 2562 ‘fort
1159 2494 1198 2548 sic
1216 2494 1308 2560 etiam,
1325 2493 1378 2546 nisi

233 2583 348 2652 prosim
365 2581 431 2635 lutet
448 2577 537 2634 ctcus'
556 2580 626 2649 LSp.
655 2610 687 2618 —
713 2584 729 2646 p
748 2594 818 2633 unce
835 2578 913 2646 FM,
939 2583 1072 2647 praeunte
1096 2578 1147 2647 af,
1174 2579 1315 2633 Laetus.
1343 2609 1377 2618 —

234 2669 249 2720 3
269 2666 450 2730 abdicando]
468 2662 545 2735 ‘fort
565 2665 600 2719 ab
618 2664 743 2731 dicendo,
761 2663 815 2717 nist
826 2665 924 2736 potius
941 2663 1056 2718 delenda
1073 2662 1149 2718 suat'
1164 2665 1236 2735 LSp.
1255 2695 1289 2704 -
1307 2663 1377 2718 din-

234 2751 372 2816 dictivum]
390 2751 489 2822 sampsi
506 2757 534 2804 et
550 2749 601 2803 del.
614 2755 645 2803 ut
656 2765 693 2804 ecc
701 2749 734 2816 V,
749 2753 796 2803 160
814 2748 919 2803 illatum
937 2748 992 2815 (ubi
1009 2755 1102 2804 estex
1120 2750 1208 2804 aedib.
1226 2749 1317 2804 efferri
1334 2750 1378 2803 in-

234 2836 334 2891 dietivo
347 2836 442 2890 funere
453 2851 554 2904 praeco
567 2835 652 2902 dicitl,
663 2834 760 2888 indicit
771 2834 847 2888 illum
859 2835 953 2889 libri.
972 2834 1069 2889 indicit
1081 2833 1181 2889 bellum
1192 2835 1378 2903 Turnebus,

234 2921 290 2974 ind.
301 2922 421 2976 duellum
433 2921 568 2976 Miller.
582 2952 613 2959 —
627 2920 757 2991 prodixit]
769 2919 907 2990 praedixit
919 2919 951 2975 G.
965 2950 998 2959 —
1011 2924 1026 2973 5
1038 2920 1126 2984 mimo]
1139 2921 1257 2988 Aldus,
1268 2921 1379 2977 minimo

234 3006 327 3061 libri.
346 3036 380 3046 -
398 3011 413 3060 6
431 3007 556 3071 ducibus]
574 3007 650 3062 dicta
668 3005 783 3060 ducibus
794 3004 881 3074 vulg.
895 3021 932 3060 ex
943 3006 975 3059 B.
993 3005 1062 3073 fort.
1082 3007 1233 3061 castrensia
1250 3007 1333 3062 dicta.
1346 3038 1379 3046 -

236 3095 251 3145 8
270 3091 406 3145 dieinumo
424 3091 448 3144 F
467 3098 565 3148 autore
588 3091 726 3157 Victoria,
753 3089 924 3162 quodetiam
948 3090 1003 3145 dici
1020 3091 1101 3147 mimo
1122 3091 1176 3163 tept
1191 3109 1274 3163 posse
1291 3099 1381 3148 monet

236 3173 308 3241 Keil,
326 3176 408 3247 idque
425 3176 500 3246 HM,
523 3177 579 3232 dici
596 3177 706 3232 minino
725 3176 785 3245 Ga,
813 3176 908 3232 dicunt
924 3186 968 3230 mo
986 3176 1019 3246 V,
1047 3177 1143 3232 dicunt
1159 3194 1203 3233 mo
1220 3195 1248 3248 p.
1267 3179 1379 3234 dicimo·

235 3261 311 3315 nium
327 3261 460 3316 Muller.
479 3262 549 3332 fort.
561 3262 631 3317 dicis
644 3279 716 3332 ergo.
734 3293 768 3303 -
786 3267 802 3316 9
820 3262 909 3318 sciens
920 3262 1063 3332 nescienti]
1076 3263 1148 3334 LSp,
1168 3263 1266 3318 scienti
1285 3263 1380 3330 libri,

235 3346 370 3402 nescienti
388 3347 562 3416 Scaliger,
579 3349 709 3404 inscienti
725 3348 860 3403 Muller.
887 3378 922 3386 -
948 3348 1020 3416 quod
1038 3347 1064 3402 ei
1081 3349 1161 3416 quod}
1179 3348 1380 3418 Scioppius,

236 3433 310 3500 quod
326 3433 373 3487 det
391 3434 463 3502 quod
480 3433 570 3488 libri.
588 3431 666 3504 ‘fort
682 3435 762 3505 prius
779 3433 852 3503 quod
869 3429 934 3494 det’
954 3433 1024 3502 Lsp.
1045 3464 1075 3473 —
1100 3436 1174 3489 hunc
1192 3434 1277 3489 doceo
1297 3433 1379 3486 Sca·

236 3516 333 3585 liger.
346 3549 378 3557 -
393 3523 424 3571 10
437 3520 565 3573 docemus
577 3522 608 3574 ut
619 3519 734 3574 dicimus
746 3519 778 3586 F,
797 3536 870 3574 corr.
879 3519 1015 3573 Laetus.
1028 3549 1061 3557 -
1077 3523 1105 3572 11
1120 3519 1295 3581 inducuntur]
1308 3517 1381 3586 LSp,

236 3602 325 3657 Rein
338 3602 448 3657 Observ.
462 3603 521 3658 crit.
534 3621 562 3673 p.
573 3606 598 3671 2,
615 3603 782 3659 inducantur
797 3603 888 3657 libri.
906 3633 940 3641 -
958 3604 1032 3672 quod
1049 3604 1110 3668 scit]
1123 3604 1170 3672 qui
1182 3603 1233 3657 scit
1244 3602 1379 3656 Mulier.

236 3705 262 3757 q.
272 3688 305 3743 V.
316 3689 345 3743 0.
365 3689 399 3743 ab
418 3705 449 3743 eo
468 3689 523 3742 dux
541 3693 590 3743 aut
607 3690 705 3743 ductor
722 3689 856 3759 Sciopp.
875 3705 962 3759 merp.
980 3688 1053 3756 quod
1071 3689 1117 3758 qui
1135 3689 1187 3742 scit
1204 3689 1317 3755 ducere,
1339 3689 1381 3741 est

236 3773 298 3842 LSp
317 3774 381 3828 otim
399 3774 591 3845 adscripscrat.
611 3805 644 3812 —
664 3777 694 3828 12
713 3775 822 3838 ducere]
840 3774 880 3842 M,
897 3773 1035 3841 Laetus,
1054 3774 1155 3827 ducare
1172 3773 1205 3826 F.
1224 3803 1256 3811 —
1274 3772 1380 3836 doctor]

237 3858 333 3913 addidi
344 3858 412 3914 duce
424 3858 495 3928 usp,
513 3859 560 3928 qui
576 3858 653 3928 ‘fort
667 3859 730 3927 dux,
748 3863 780 3914 ut
791 3860 897 3927 ductor,
915 3859 1019 3926 doctor,
1037 3860 1111 3927 quod
1126 3853 1183 3912 ita’
1202 3856 1276 3924 eccs.
1290 3856 1380 3910 Mad·

237 3944 292 4012 rig
308 3944 376 3997 Adr.
395 3944 422 3998 II
439 3962 466 4014 p.
486 3948 544 3998 tro.
563 3943 597 3998 ab
616 3958 648 3998 eo
666 3943 713 4012 qui
730 3943 783 3999 scit
800 3945 898 4000 docere
916 3949 958 4000 est
975 3946 1031 3998 dux
1048 3947 1097 3999 aut
1114 3944 1212 3997 ductor
1228 3941 1276 4012 qui
1292 3941 1381 3997 Rein

236 4045 264 4097 p.
284 4033 307 4083 3.
328 4059 358 4068 -
387 4033 418 4084 13
437 4029 472 4084 ab
490 4030 613 4084 docendo
631 4030 731 4084 docere
749 4029 894 4100 disciplina
912 4030 1016 4084 discere
1033 4028 1127 4083 libri.
1155 4029 1189 4081 ab
1208 4028 1306 4082 docere
1324 4028 1380 4082 dis·

237 4114 339 4183 ciplina
356 4119 385 4170 et
403 4115 508 4171 discere
526 4115 611 4182 vulg.
630 4131 668 4168 erc
685 4115 724 4182 B,
750 4115 785 4169 ab
810 4116 932 4171 docendo
957 4115 1062 4168 discere
1080 4112 1226 4182 disciplina
1242 4112 1381 4181 Muller,

236 4194 314 4269 ‘fort
332 4202 367 4256 ab
386 4202 485 4257 docere
503 4200 609 4255 ducere
626 4202 687 4266 (om.
706 4199 830 4256 docendo
847 4206 875 4256 et
892 4193 1016 4270 discipli
1036 4197 1106 4268 LSp.
1130 4196 1196 4251 mibi
1213 4202 1263 4252 aut
1279 4198 1314 4252 ab
1332 4198 1381 4252 do·

239 4285 326 4340 cando
343 4287 449 4344 discere
466 4295 514 4341 eut
531 4286 566 4340 ab
584 4284 707 4340 docendo
725 4284 873 4356 disciplina
888 4284 969 4339 scrib.
988 4282 1042 4339 oid.
