3038 5048
552 321 666 378 LIBER
685 321 859 379 OCTAVUS.
895 323 910 390 ἕ
930 323 1040 376 'te-81.
1314 317 1373 377 191

234 503 239 520 ’
317 503 366 561 41).
400 495 628 578 Magnitudinis
650 494 808 561 voeabula
837 513 908 559 enm
941 493 1066 577 possint
1099 511 1169 560 esse
1202 495 1308 575 terne,
1342 496 1376 556 ut
1396 515 1416 594 ξ
1440 509 1480 571 79

231 597 320 664 Oista
348 596 471 665 cistula
503 596 652 678 Cistella,
682 592 737 681 [in]
760 594 868 662 media
897 615 960 660 non
990 598 1077 675 sunt,
1108 600 1156 658 ut·
1172 593 1204 659 in
1234 592 1284 658 his
1313 593 1378 658 Mu·

231 720 283 766 eer
319 698 508 766 Muorieolus
542 699 713 782 Macellus,
749 697 850 779 Niger
885 696 1067 777 Nigrioolus
1099 693 1259 777 Nigellus3
1300 694 1378 760 item

231 802 362 867 minima
388 800 423 866 in
458 799 648 894 quibusdam
680 819 743 864 non
777 805 865 881 sunt,
899 805 935 863 ut
961 797 1041 863 Avis
1069 796 1205 862 Avioula
1234 795 1376 879 Andeda,

193 903 336 986 tcaput
369 903 550 988 Capitulum
585 900 786 982 Capitolium.
839 899 876 965 In
908 899 970 965 hoe
1001 918 1117 981 genere
1150 899 1378 965 vocabulorum

231 1004 382 1086 quoniam
415 1005 515 1069 multa
545 1004 674 1087 desunt,
709 1000 878 1067 dioendum
911 1007 960 1066 est
992 1021 1055 1066 non
1088 1020 1159 1067 esse
1192 1002 1225 1067 in
1255 1021 1293 1067 eo
1322 1021 1377 1085 po-

229 1105 293 1170 tius
316 1105 512 1187 sequendum
534 1126 630 1188 quam
653 1104 912 1171 consuetudinem
934 1102 1099 1170 rationem.
1144 1102 1236 1181 Quod
1258 1102 1301 1168 ud
1322 1124 1376 1170 vo·

231 1206 416 1273 pabulorum
438 1227 556 1290 genera
579 1211 729 1289 quattuor
749 1205 901 1289 pertinet,
924 1210 959 1270 ut
979 1204 1013 1271 in
1034 1204 1097 1271 hoe
1118 1206 1225 1288 potius
1247 1224 1374 1272 eonsue-
1387 1235 1510 1288 (persp.

232 1307 372 1375 tudinem
402 1329 498 1393 quam
527 1309 691 1392 analogias
721 1306 878 1373 dominari
905 1305 1001 1372 iaeile
1028 1306 1240 1373 animadverti
1265 1308 1377 1393 possit,

180 1420 208 1472 10
230 1410 349 1477 dietum
372 1419 430 1477 est.
499 1492 501 1499 Ι

317 1519 367 1579 41.
401 1511 621 1607 Sequiturde
648 1512 847 1594 nominibus,
881 1529 964 1593 quae
993 1509 1143 1576 differunt
1171 1512 1377 1579 avocabulis
1400 1526 1420 1606 ξ
1443 1526 1483 1589 80

231 1614 305 1680 ideo
336 1614 423 1698 quod
448 1620 521 1681 sunt
548 1614 639 1680 finita
668 1634 707 1680 ao
736 1612 916 1696 significant
944 1632 995 1679 res
1027 1613 1192 1697 proprias,
1224 1619 1260 1679 ut
1287 1614 1379 1681 Paris

231 1716 344 1800 Elenu,
367 1736 438 1782 oum
458 1716 618 1782 voeabula
639 1717 703 1782 sint
724 1714 848 1781 infinita
871 1735 909 1781 ao
925 1733 982 1790 ¹res
1005 1716 1180 1781 eommunis
1203 1715 1378 1801 designent,

232 1824 266 1882 ut
288 1818 344 1883 Vir
365 1817 492 1899 Mulier;
528 1818 684 1900 equibus
713 1825 786 1882 sunt
808 1817 872 1882 alia
894 1816 1023 1880 nomina
1051 1817 1093 1881 ab
1122 1817 1317 1901 nominibus,
1345 1825 1380 1884 ut

183 1928 211 1979 15
234 1918 328 1985 Ilium
351 1920 392 1984 ab
414 1919 462 1984 Ilo
486 1927 518 1985 et
539 1920 599 1984 llia
620 1920 662 1984 ab
684 1919 761 2002 Ilio,
796 1919 861 1983 alia
882 1939 903 1983 a
925 1918 1083 1984 vocabulo
1105 1926 1140 1985 ut
1161 1920 1202 1984 ab
1225 1920 1301 1986 albo
1323 1920 1378 1985 Al-

232 2022 319 2103 bius,
354 2021 396 2086 ab
419 2026 487 2087 atro
510 2021 627 2088 Atrius.
672 2022 710 2086 In
738 2020 858 2086 neutris
887 2029 1015 2085 servata
1037 2027 1085 2085 est
1107 2021 1270 2104 analogia3
1305 2041 1378 2086 num

233 2131 264 2190 et
287 2143 359 2189 oum
380 2122 421 2187 sit
443 2143 464 2188 a
484 2122 620 2189 Romulo
643 2124 755 2206 Romu,
777 2122 981 2206 proportione
1002 2141 1065 2186 non
1088 2127 1136 2187 est
1159 2122 1245 2206 quod
1269 2121 1380 2189 debuit

233 2224 520 2310 esse...Perpenui
534 2222 611 2306 filia,
626 2245 690 2291 non
699 2226 893 2308 Perpennae.
922 2224 1092 2307 Perpenna
1106 2222 1247 2287 mulieris
1262 2244 1377 2288 nomen
1401 2239 1420 2314 ξ
1443 2238 1479 2300 81

235 2346 305 2393 esse
328 2325 438 2391 debuit
461 2332 493 2392 et
514 2333 591 2393 natu
614 2346 684 2393 esse
707 2346 727 2389 a
750 2327 931 2408 Perpenno,
965 2324 1050 2408 quod
1079 2330 1128 2390 est
1157 2331 1191 2389 ut
1215 2324 1379 2390 Arbernus
1389 2319 1512 2371 (1'·⁴⁵²⁸1’·

182 2439 212 2488 ro
235 2429 406 2495 Percelnus
436 2431 619 2512 Perpennus
649 2426 794 2493 Arberna
827 2426 981 2492 Percelna
1013 2426 1188 2510 Perpenna.
1232 2423 1325 2504 Quod
1353 2425 1381 2491 si

235 2531 360 2596 Murcus
391 2531 560 2614 Perpenna
592 2528 686 2594 virile
718 2535 766 2594 est
799 2547 915 2594 nomen
952 2534 984 2594 et
1020 2527 1170 2608 analogia
1207 2527 1381 2612 sequenda,

320 2835 335 2884 2
353 2831 383 2884 in
399 2831 496 2886 mediis
513 2832 551 2898 F,
578 2830 607 2884 in
625 2830 686 2886 eliis
704 2830 794 2885 medie
811 2831 922 2900 quidum
939 2831 1016 2901 apud
1030 2832 1221 2902 Auqustinum.
1257 2825 1332 2901 ‘fort
1352 2832 1382 2884 in

235 2917 395 2986 quibusdam
412 2911 511 2971 medie’
531 2916 608 2985 LSp,
634 2932 685 2987 epo
703 2915 773 2971 uidit
788 2916 844 2971 uisi
859 2915 949 2971 medie
970 2915 1055 2969 luten
1072 2915 1180 2986 putaui.
1198 2945 1230 2954 -
1249 2917 1264 2967 3
1283 2914 1381 2970 mneri-

236 3003 313 3057 oulns
333 3042 339 3055 .
360 3042 367 3055 .
386 3001 535 3070 nigrioulus
553 3001 588 3054 H.
606 3000 683 3070 conf.
702 3002 783 3069 Aug.
801 3000 932 3055 Miller
952 3019 979 3071 p.
995 3005 1036 3055 10.
1056 3031 1088 3039 -
1106 3000 1249 3064 tonnella]
1263 2998 1381 3069 FMVp,

236 3086 353 3142 euieelle
375 3086 447 3140 elii.
474 3117 507 3126 —
535 3103 616 3156 quum
635 3090 720 3149 cons]
744 3086 819 3156 conf.
843 3084 964 3140 Reiter
990 3102 1017 3153 p.
1037 3087 1069 3139 68
1087 3086 1150 3140 edu.
1178 3116 1211 3124 -
1238 3086 1301 3139 Sin
1318 3087 1380 3149 hoe]

234 3167 309 3232 ‘fort
328 3171 358 3225 in
375 3166 433 3225 his’
447 3171 518 3241 LSp.
537 3203 570 3212 -
592 3174 623 3224 12
641 3171 719 3225 elenu
736 3171 776 3224 sio
787 3170 819 3224 F.
839 3200 872 3208 —
891 3170 1040 3224 eommunis
1052 3171 1084 3225 F.
1103 3200 1136 3209 -—
1154 3169 1331 3238 designentur
1348 3169 1382 3237 F,

236 3271 308 3310 corr.
325 3256 414 3323 vulg.
433 3273 471 3312 ex
487 3259 520 3312 B.
539 3289 572 3297 -
592 3261 623 3311 13
641 3252 760 3311 ‘nomine
776 3256 845 3325 fort.
865 3251 924 3309 del?
944 3255 1015 3325 LSp.
1034 3285 1067 3294 -
1087 3260 1119 3308 14
1135 3254 1212 3308 illum
1230 3255 1265 3308 ub
1289 3254 1336 3308 illo
1354 3259 1382 3308 et

236 3340 284 3394 ille
310 3339 345 3394 ub
371 3341 418 3394 illo
444 3341 478 3408 F,
506 3358 576 3396 corr.
604 3341 690 3410 vulg.
719 3358 756 3396 ex
782 3341 814 3394 B.
842 3333 921 3410 ‘sort
940 3340 992 3394 del.
1010 3344 1038 3395 et
1054 3339 1103 3394 ille
1120 3340 1154 3394 ub
1171 3332 1231 3394 illo'
1248 3339 1320 3407 LSp.
1347 3369 1381 3378 —

232 3418 312 3492 ‘fort
330 3421 480 3478 vocubulis'
501 3426 571 3495 LSp.
597 3456 630 3464 —
658 3430 689 3478 11
709 3425 835 3479 beuvrum
853 3424 982 3479 indicavit
999 3425 1135 3479 Muller.
1170 3424 1300 3490 Romule,
1326 3439 1382 3478 non

216 3531 219 3535 ·
236 3507 332 3574 Romu,
349 3509 415 3562 item
431 3509 541 3581 supplet
559 3511 752 3579 Stephanus
770 3526 808 3565 ex
824 3509 864 3563 IX
880 3512 897 3579 ᾗ
916 3514 956 3563 50.
972 3503 1048 3572 ‘fort
1066 3509 1247 3580 supplendum
1265 3508 1383 3563 Romule

237 3598 266 3647 et
280 3591 378 3646 deletis
395 3592 483 3647 verbu
499 3594 638 3664 Perpeuni
654 3594 726 3663 filie,
743 3610 798 3648 nou
816 3593 991 3664 Perpennae,
1015 3593 1097 3664 idque
1114 3593 1178 3648 buio
1193 3593 1382 3664 supplemento

238 3678 310 3747 quod
328 3677 424 3733 debuit
440 3694 500 3733 esse
512 3678 646 3746 [Romule‚
663 3678 729 3734 item
746 3679 842 3734 debuit
858 3681 927 3746 esse]
941 3678 1076 3747 Perpenni
1093 3678 1151 3734 filiu
1166 3676 1381 3750 praeferendum

238 3779 296 3817 esse
308 3757 394 3834 puto.³
413 3762 486 3832 LSp.
506 3764 586 3816 etium
604 3763 675 3829 ulia,
702 3764 732 3816 m'
747 3763 851 3833 fultor,
879 3764 1043 3819 emendandi
1063 3766 1107 3819 via
1128 3769 1218 3835 putet,
1244 3763 1269 3816 ri
1293 3761 1380 3816 deleto

227 3847 392 3920 posteriore
414 3863 471 3903 non
493 3848 637 3919 scrrpserr's
660 3848 837 3919 proportione
860 3852 993 3916 nonest,
1020 3848 1092 3917 quod
1114 3847 1209 3902 debuit
1232 3862 1292 3902 esse
1315 3846 1381 3901 Per·

237 3931 321 4002 penui
337 3931 404 3999 fitia,
422 3931 574 4001 Perpenno,
592 3938 622 3985 ut
639 3932 726 3987 dicut:
743 3932 841 3998 Romu,
857 3933 952 4004 formu
967 3932 1112 4002 feminina,
1131 3949 1148 3987 a
1165 3930 1381 3986 mascurinolto-

238 4017 311 4072 mulo
328 4016 411 4071 ductu
429 4024 482 4080 est,
501 4016 550 4070 sed
567 4033 622 4071 uon
639 4018 703 4072 item
720 4017 880 4088 Perpenna,
909 4034 979 4087 quae
996 4024 1024 4072 et
1041 4019 1102 4089 ipsu
1117 4017 1253 4087 [ebenina
1270 4015 1383 4072 debebat

238 4119 296 4157 esse
319 4103 430 4172 formu,
456 4101 642 4157 umasculiua
659 4100 805 4172 Perpenno
828 4108 860 4155 ut
881 4103 916 4156 sit
933 4100 1074 4172 Perpeuni
1095 4102 1164 4170 filia.
1191 4132 1225 4142 -
1251 4100 1382 4171 Perpetui

238 4187 363 4242 Laetus
382 4196 409 4241 et
425 4188 466 4241 sic
482 4187 512 4240 in
528 4203 604 4256 seqq.
631 4216 664 4225 —
690 4185 820 4250 mulieris]
839 4186 911 4241 enim
927 4186 1048 4241 mulieris
1072 4186 1320 4257 HStephanus.
1348 4215 1381 4225 -

240 4275 271 4326 18
289 4273 428 4327 Arvernus
441 4312 447 4325 .
462 4311 468 4324 .
482 4271 605 4326 Arverna
622 4269 759 4327 Miller.
