3038 5048
272 337 333 396 242
572 333 686 390 LIBER
702 333 876 390 uncinus
910 335 927 403 s
946 337 1046 389 m-rs
1063 337 1125 400 (rs).

273 507 445 577 declinatio
467 508 603 575 refertur
623 504 666 574 ad
688 504 964 588 consuetudinem,
998 503 1153 572 naturalis
1184 503 1228 571 ad
1256 504 1435 572 rationem.

170 615 190 693 ὅ
214 616 252 678 16
275 610 381 690 Quare
403 609 537 695 proinde
559 628 598 676 ac
619 607 725 676 simile
751 606 885 674 conferri
913 627 978 674 non
1007 613 1132 692 oportet
1160 626 1200 673 ac
1230 606 1367 690 dicere,
1400 613 1436 674 ut

121 694 317 779 ‘⁹⁴⁶⁶³⁸⁹'¹'sit
338 713 380 778 ab
403 713 505 779 Roma
528 712 700 795 Romanus,
722 708 769 775 sic
791 729 831 777 ex
855 708 965 794 Capua
988 707 1053 775 dici
1075 713 1222 793 oportere
1240 708 1434 793 Gapuanus,

275 815 361 896 quod
392 815 426 880 in
459 812 686 880 consuetudine
718 811 925 878 vehementer
956 815 1062 895 natat,
1100 808 1187 892 quod
1220 810 1432 877 declinantes

274 917 421 1001 imperite
442 915 538 981 rebus
559 914 688 980 nomina
708 913 892 998 imponunt,
925 933 946 979 a
968 913 1083 996 quibus
1106 933 1178 980 cum
1200 913 1333 998 accepit
1358 926 1462 980 con-5

274 1016 425 1100 suetudo,
460 1015 645 1082 turbulenta
673 1034 806 1083 necesse
834 1020 883 1082 est
912 1013 1028 1082 dicere.
1072 1015 1186 1100 Itaque
1215 1034 1327 1097 neque
1359 1015 1430 1081 Ari·

274 1118 406 1186 starchii
426 1136 530 1200 neque
552 1116 610 1183 alii
631 1118 664 1181 in
686 1115 844 1200 analogiis
866 1115 1102 1184 defendendam
1124 1117 1192 1183 eius
1214 1122 1432 1201 susceperunt

275 1241 415 1304 oausam,
438 1218 505 1302 sed,
529 1224 563 1284 ut
584 1217 669 1300 dixi,
694 1219 753 1284 hoc
775 1238 892 1303 genere
915 1217 1086 1287 declinatio
1109 1220 1142 1285 in
1164 1219 1330 1286 communi
1356 1237 1430 1285 con-

274 1322 444 1391 suetudine
465 1321 636 1387 verborum
658 1324 813 1403 aegrotat,
841 1318 926 1400 quod
949 1320 1050 1387 oritur
1072 1339 1090 1386 e
1111 1320 1230 1405 populo
1254 1319 1430 1404 multiplici

276 1422 328 1511 [et]
351 1423 512 1510 imperito;
546 1423 655 1503 itaque
684 1421 717 1486 in
745 1419 806 1488 hoc
834 1439 950 1504 genere
979 1422 1013 1487 in
1035 1420 1196 1504 loquendo
1219 1421 1329 1504 magis
1351 1442 1427 1489 ano-
1447 1434 1469 1485 ts

172 1531 251 1611 §17
276 1527 383 1608 malia,
406 1543 501 1608 quarn
523 1522 682 1608 analogia.
726 1523 837 1589 Tertia
860 1521 975 1590 divisio
998 1531 1061 1590 est:
1096 1522 1304 1606 quae'verba
1327 1522 1426 1590 dccli-

127 1636 353 1699 praeamata
374 1633 502 1709 natura,
525 1646 565 1692 ea
586 1624 772 1691 dividuntur
792 1624 826 1689 in
848 1625 948 1709 partis
971 1631 1134 1708 quattuor,
1163 1625 1197 1691 in
1219 1645 1317 1691 unam
1344 1643 1428 1706 quae

276 1730 377 1795 habet
393 1747 491 1795 *casus
513 1746 617 1809 neque
639 1733 792 1812 tempora,
814 1731 850 1792 ut
872 1727 994 1794 Docilis
1018 1734 1051 1795 et
1071 1727 1207 1811 Facilis,
1229 1726 1264 1792 in
1287 1727 1427 1793 alteram

278 1849 361 1912 quae
383 1837 528 1914 tempora
548 1847 652 1910 neque
674 1848 782 1912 casus,
810 1833 845 1896 ut
866 1831 970 1896 Docet
991 1830 1099 1913 Facit,
1131 1829 1166 1894 in
1187 1828 1318 1894 tertiam
1342 1845 1425 1910 quae

276 1937 426 2015 utraque,
460 1937 495 1998 ut
524 1931 651 1998 Docens
682 1929 835 2016 Faciem,
868 1931 902 1996 in
935 1937 1080 2013 quartam
1114 1951 1196 2016 quae
1226 1934 1359 2013 neutra,
1392 1934 1425 1994 ut
1446 1946 1469 1997 ιι

277 2034 380 2100 Docte
410 2039 443 2099 et
472 2033 600 2100 Facete.
644 2032 695 2098 lix
727 2032 788 2099 hae
822 2032 979 2100 divisione
1011 2034 1146 2116 singulis
1177 2031 1327 2116 partibus
1362 2038 1427 2098 tres

277 2135 421 2219 reliquae
444 2134 624 2201 dissimilet.
679 2134 787 2214 Quare
809 2134 871 2200 nisi
893 2135 925 2200 in
947 2155 1007 2201 sua
1027 2141 1119 2219 parte
1140 2135 1224 2201 inter
1245 2152 1282 2199 se
1307 2133 1428 2199 collata

279 2243 371 2305 erunt
402 2238 517 2320 verba,
550 2237 579 2302 si
612 2233 697 2321 [non]
732 2236 938 2320 conveniunt,
970 2257 1033 2304 non
1064 2237 1125 2302 erit
1156 2235 1202 2303 ita
1235 2234 1359 2317 simile,
1394 2239 1429 2299 ut

125 2338 271 2426 §19(18)
280 2339 398 2406 debeat
419 2340 525 2406 facere
545 2337 641 2405 idem.
684 2337 722 2403 In
743 2338 884 2405 articulis
908 2339 963 2406 vix
985 2339 1177 2404 adumbrata
1202 2343 1251 2405 est
1272 2335 1429 2421 analogia

363 2557 396 2611 F.
414 2557 462 2610 fol.
481 2559 513 2609 30
531 2559 612 2610 erunt
628 2555 714 2610 uerba
733 2596 739 2610 .
760 2597 766 2609 .
785 2557 895 2611 nomina

366 2759 545 2816 ldeclinatio
570 2760 622 2814 del.
649 2760 860 2830 Stephanus.
888 2792 922 2801 -
951 2761 1102 2817 orationem
1123 2760 1156 2829 F,
1183 2775 1254 2814 corr.
1277 2759 1366 2827 vulg.
1396 2789 1429 2798 «-

279 2851 294 2900 2
313 2845 438 2902 conterre
457 2845 662 2915 Stephanus.
680 2874 714 2884 -
731 2840 808 2914 ‘sort
826 2841 894 2900 dici'
914 2847 985 2916 LSp.
1004 2877 1037 2886 -
1056 2852 1071 2900 4
1089 2849 1167 2901 nomi
1184 2845 1219 2912 H,
1236 2847 1319 2899 nutat
1336 2843 1427 2913 vulg.

277 2927 354 3000 ‘fort
367 2933 466 2984 natant
478 2945 547 2997 quae
559 2925 740 2984 declinantes’
754 2930 825 2999 LSp.
839 2961 872 2970 -
891 2933 907 2984 6
918 2931 1090 2987 Aristarchei
1102 2949 1130 3001 p.
1142 2934 1199 2998 185,
1214 2934 1255 2984 15.
1267 2959 1300 2967 -
1320 2933 1335 2981 ἵ
1348 2921 1428 2997 ‘fort

280 3013 458 3068 defendendis
478 3013 520 3067 ael
536 3013 663 3082 analogia
681 3013 865 3070 defendenda'
885 3016 957 3086 LSp.
980 3047 1010 3054 -
1028 3020 1052 3071 -8
1070 3012 1146 3085 ‘fort
1165 3016 1219 3070 hoc
1235 3028 1322 3081 genus
1341 3012 1428 3067 decli-

278 3093 409 3152 nationis'
439 3097 510 3165 LSp.
538 3126 568 3135 —
598 3099 708 3152 comuni
735 3099 767 3154 F.
794 3131 827 3139 —
857 3104 997 3170 aegrotat
1021 3100 1058 3169 F,
1085 3103 1192 3168 egrotat
1217 3101 1246 3153 et
1270 3097 1428 3164 languescit

278 3182 414 3237 Laetus.
432 3211 467 3220 —
484 3181 580 3250 populi
597 3182 684 3250 vulg.
703 3213 736 3223 —
757 3189 787 3238 10
806 3189 842 3250 et]
861 3185 923 3240 add.
937 3187 1057 3254 Groth,
1075 3201 1126 3240 om.
1145 3183 1240 3238 libri.
1258 3212 1292 3220 -
1310 3181 1426 3249 imperio

278 3268 414 3323 Laetus.
442 3264 629 3335 multipliciter
655 3268 781 3338 imperito
805 3272 925 3342 primum
951 3270 1139 3342 adempserat
1155 3268 1226 3338 LSp,
1252 3264 1302 3322 scd
1322 3271 1427 3337 postca

277 3355 338 3426 ipsc
355 3352 459 3408 delevit.
483 3381 516 3390 -
542 3351 679 3420 loquenda
695 3353 825 3409 FMVa.
853 3386 886 3395 -
913 3356 1049 3414 anomalia
1065 3371 1136 3410 mon.
1155 3357 1180 3418 1,
1198 3350 1337 3408 anomalia
1353 3367 1425 3404 maa.

273 3440 415 3512 posterior
431 3444 464 3493 at
480 3437 533 3494 oid.
552 3437 575 3491 F
595 3437 711 3505 (droth).
739 3470 772 3478 -
800 3445 829 3493 11
849 3445 891 3495 est
908 3445 986 3510 quae]
1004 3440 1042 3509 F,
1069 3444 1111 3496 est
1134 3439 1207 3510 quod
1229 3453 1259 3506 p,
1286 3439 1329 3492 est
1352 3435 1427 3504 quod

279 3540 349 3593 quae
375 3524 447 3593 Lsp.
477 3553 511 3562 —
542 3526 574 3576 12
592 3522 759 3589 dividuntur]
782 3524 860 3593 LSp,
890 3525 1023 3581 diuiditur
1048 3525 1080 3579 F.
1111 3524 1249 3580 declinata
1277 3537 1295 3576 a
1322 3523 1426 3576 natura

280 3609 377 3665 dividit
393 3607 531 3663 Mltller.
549 3608 625 3678 conf.
645 3608 674 3664 C.
687 3608 719 3662 F.
733 3608 777 3663 W.
790 3609 915 3665 Mltller
930 3626 958 3679 p.
973 3614 1030 3665 195.
1050 3641 1083 3649 -
1100 3613 1191 3673 mam]
1209 3623 1292 3662 unam
1309 3603 1426 3674 primm

279 3693 557 3749 videlicetLaetus.
577 3723 610 3732 -
630 3697 660 3747 13
678 3697 716 3761 et]
735 3711 785 3748 om.
799 3695 935 3752 Laetus.
954 3725 987 3736 -
1007 3695 1096 3752 facilis
1108 3699 1136 3750 et
1148 3692 1272 3750 amabilis
1285 3690 1423 3745 Laetus.

279 3810 313 3818 -
327 3783 359 3833 14
370 3779 438 3834 lacit
449 3780 523 3833 amat
534 3777 670 3833 Laetus.
683 3807 717 3819 —
731 3782 762 3834 16
775 3783 803 3834 et
815 3796 865 3835 om.
879 3780 965 3851 vulg.
978 3812 1012 3820 -
1024 3781 1121 3846 facete]
1134 3779 1208 3836 facte
1225 3794 1250 3833 a.
1268 3773 1305 3847 ‘p.
1319 3779 1378 3841 179,
1392 3775 1424 3826 18
1437 3779 1443 3794 ‘

280 3866 360 3921 docte
378 3868 407 3920 et
424 3857 576 3919 commode'
596 3862 667 3933 LSp.
686 3862 720 3918 de
737 3863 819 3919 facile
835 3867 938 3937 sopitat
950 3866 1222 3922 culimurtea
1239 3893 1271 3902 -
1291 3864 1321 3914 ll
1340 3858 1424 3915 telin·

280 3967 362 4020 quere
378 3948 411 4018 F,
437 3948 542 4018 relique
563 3963 594 4016 a,
625 3965 696 4003 corr.
715 3949 849 4006 Mltller.
872 3952 994 4021 reliquae
1016 3968 1114 4022 genere
1132 3952 1162 4007 Ο.
1180 3951 1213 4007 F.
1231 3948 1275 4003 W.
1294 3943 1425 3999 Miller

279 4053 306 4104 p.
321 4038 379 4089 196.
395 4033 465 4103 sort.
484 4033 606 4103 reliquae
623 4049 675 4088 rea.
695 4065 726 4074 —
747 4038 779 4089 18
790 4041 855 4100 non]
871 4037 983 4092 seclusit
994 4037 1065 4107 LSp,
1082 4053 1150 4093 voce
1162 4036 1191 4091 Ο.
1201 4034 1232 4088 F.
1243 4029 1425 4087 W.Mltller

280 4119 328 4187 pai
344 4119 374 4172 in
391 4135 447 4188 seq.
464 4119 582 4174 debeant
603 4118 739 4190 praefert.
757 4120 853 4190 verba,
879 4138 948 4191 non,
975 4122 999 4176 si
1023 4121 1199 4188 conveniunt,
1227 4118 1280 4173 erit
1304 4113 1425 4172 Christ

279 4201 378 4258 Philol.
395 4203 469 4271 XVI,
487 4207 546 4257 462.
565 4204 604 4274 cs.
615 4203 678 4272 LSp
690 4204 777 4275 XVII,
790 4210 848 4261 299.
865 4237 900 4247 —
919 4212 951 4262 19
968 4208 1050 4272 idem]
1068 4205 1147 4261 idem.
1166 4203 1301 4272 Quoniam
1318 4199 1424 4270 species

279 4287 372 4355 plures
392 4327 398 4340 .
419 4328 424 4340 .
445 4328 451 4341 .
470 4289 574 4345 habent
596 4289 744 4360 analogias.
789 4292 821 4347 In
844 4292 968 4349 articulis
992 4291 1062 4348 vix.
1083 4287 1317 4345 ..adscribimus
1340 4287 1424 4342 unius
