3038 5048
464 282 578 337 11111
595 282 785 342 SEPTIMUS.
821 289 948 354 11-11.
1201 287 1282 347 .119

140 455 390 541 uortumionem,
426 455 541 522 dicitur
568 478 590 522 a
619 456 724 524 cordis
754 457 842 541 visu;
881 479 936 524 cor
965 459 1049 525 enim
1078 459 1282 527 cortumionis

139 560 238 642 origo.
297 558 390 636 Quod
412 557 504 623 addit
524 560 646 645 templa
666 565 701 624 ut
723 559 787 625 sint
809 561 930 646 Tesca,
962 560 1050 626 aiunt
1073 569 1185 627 sancta
1214 582 1284 629 esse
1305 565 1326 645 ἓ
1350 569 1387 629 10

139 661 194 745 qui
217 662 342 747 glossas
364 661 565 744 scripserunt.
616 661 654 727 ld
683 667 733 728 est
760 662 890 745 falsum,
924 683 998 729 nam
1028 662 1116 730 ouria
1143 664 1282 731 Hostilia

139 764 294 848 templum
316 767 363 829 est
386 770 418 828 et
439 770 584 830 sanctum
606 784 669 831 non
692 770 756 850 cst;
780 763 839 831 sed
861 766 922 832 hoc
943 769 979 829 ut
998 769 1147 850 putarent
1168 765 1281 834 aedem

101 882 115 930 1
137 885 261 932 sacram
285 885 355 931 esse
376 865 530 950 templum
554 872 597 944 [at
616 878 757 929 sanctum
779 867 934 951 templum]
962 887 1033 934 esse
1055 869 1172 934 factum
1196 869 1434 952 quodln·²⁰⁴SP-¹l

138 969 171 1035 in
193 968 271 1034 urbe
297 968 399 1034 Roma
427 969 601 1054 pleraeque
631 968 729 1036 aedes
758 989 869 1036 sacrae
897 975 970 1036 sunt
999 972 1133 1055 templa,
1167 972 1280 1038 eadem

137 1077 265 1155 sancta,
299 1075 332 1137 et
361 1070 447 1153 quod
476 1071 547 1137 loca
576 1072 734 1155 quaedam
763 1071 919 1156 agrestia,
952 1071 1039 1155 quod
1067 1073 1202 1139 alicuius
1228 1073 1281 1141 dei

137 1177 228 1259 sunt,
265 1173 411 1239 dicuntur
448 1173 560 1239 'l'esoa
625 1175 709 1241 Nam
746 1172 832 1257 apud
868 1174 1001 1240 Accium
1037 1173 1070 1238 in
1103 1176 1324 1260 Philoctetae
1348 1184 1383 1244 11

137 1275 286 1342 Lemnio:

86 1390 115 1439 ro
220 1377 316 1457 Quis
339 1384 379 1443 tu
401 1397 440 1444 es
462 1377 663 1464 mortalis,
696 1378 764 1463 qui
792 1378 830 1443 in
853 1376 1019 1445 deserta
1041 1386 1078 1446 et
1100 1385 1214 1446 tesca
1242 1386 1280 1447 te

867 1490 1060 1565 apportes
1081 1483 1195 1549 loca?

137 1583 208 1649 loca
229 1583 313 1649 enim
335 1603 418 1667 quac
439 1582 503 1648 sint
524 1581 685 1666 designat,
708 1603 779 1650 oum
805 1583 896 1650 dicit:

668 1685 828 1752 Lemnia
849 1692 1012 1772 praesto

339 1787 479 1852 Litora
501 1806 591 1854 rara
612 1793 651 1852 ct
673 1787 785 1854 celsa
808 1788 993 1856 Cabirum
1029 1850 1032 1858 ,

84 1901 113 1952 15
339 1888 516 1955 Delubra
537 1893 666 1972 tenes,
690 1890 882 1972 mysteria
904 1910 1003 1973 quae

338 1991 517 2057 Pristina
538 1990 665 2056 castIs
687 1995 883 2074 concepta
904 1993 1044 2060 sacris.

135 2095 223 2160 dein:

129 2291 210 2367 ‘fort
238 2295 306 2351 dicit
332 2296 506 2366 conspicione
532 2295 610 2350 addit
633 2291 811 2350 cortumione'
831 2295 903 2365 LSp.
930 2326 962 2334 -
992 2294 1167 2360 Ivisu1usu
1184 2296 1218 2350 H.
1245 2328 1278 2337 —

135 2382 255 2446 21111111]
274 2383 310 2436 ad
327 2382 356 2436 id
374 2380 564 2436 Turnebus.
596 2411 624 2419 —
651 2380 714 2447 siut]
739 2381 775 2435 sit
792 2379 825 2447 F,
852 2398 903 2434 om.
923 2381 954 2449 b,
981 2397 1052 2434 corr.
1077 2379 1217 2435 Laetus.

133 2472 219 2532 tesca]
236 2469 334 2522 dextra
352 2465 385 2534 F,
411 2482 481 2521 corr.
501 2465 691 2520 Turnebus.
720 2496 750 2504 -
779 2471 794 2520 5
811 2466 941 2535 templum
959 2470 986 2520 et
1004 2470 1128 2519 sanctum
1149 2465 1279 2535 templum

133 2569 195 2607 esse
213 2551 406 2620 factum]LSp,
423 2550 554 2619 templum
572 2567 631 2605 esse
650 2549 752 2605 factum
769 2550 867 2619 libri,
886 2551 1015 2619 templum
1032 2553 1060 2604 et
1076 2567 1136 2605 esse
1155 2555 1279 2604 sanctum

134 2639 277 2705 Laetus,
303 2636 433 2706 templum
451 2638 479 2690 et
497 2640 621 2691 sanctum
638 2641 667 2692 et
684 2652 744 2691 csse
762 2640 885 2692 sanctum
903 2637 935 2704 B,
961 2635 1091 2704 templum
1108 2639 1136 2690 et
1153 2640 1279 2690 sanctum

135 2739 196 2779 esse
213 2722 298 2790 vulg.
326 2751 361 2760 -
388 2725 403 2774 6
428 2722 499 2790 sort.
525 2715 668 2790 pleraque’
694 2721 765 2790 LSp.
792 2751 822 2760 —
844 2716 952 2790 l‘fort.
971 2720 1089 2788 agrestia
1106 2714 1187 2789 quae’
1205 2721 1278 2792 LSp,

135 2809 254 2864 Christ
271 2806 368 2861 Philol.
386 2806 450 2860 XVI
467 2822 494 2874 p.
514 2809 562 2860 463
582 2806 621 2876 cf.
640 2805 717 2859 XVII
734 2824 761 2876 p.
781 2809 840 2859 300.
859 2836 892 2844 —
908 2805 1043 2875 aliquoius
1057 2805 1089 2873 G,
1107 2805 1224 2874 aliquius
1242 2807 1277 2862 Η.

133 2925 167 2934 —-
194 2892 365 2959 edicuntur]
394 2891 581 2978 Fentiuus,
607 2892 734 2946 dicentur
758 2891 790 2959 F,
819 2891 980 2947 dicebantur
1002 2907 1029 2960 p.
1058 2920 1091 2930 -
1116 2891 1203 2960 tesca]
1230 2908 1279 2946 sca

133 2979 240 3034 litterae
265 2979 295 3032 in
320 2993 375 3030 rar.
394 2993 465 3029 murs.
482 2977 500 3028 2
516 2975 540 3030 F
558 2983 585 3030 et
611 2978 639 3029 in
665 2993 753 3047 marp.
781 2977 870 3032 Tesca
896 2994 967 3030 man.
985 2977 1017 3043 23
1042 2977 1138 3031 bescha
1155 2975 1216 3045 Vp.
1245 3007 1278 3016 -

133 3064 248 3129 accium]
266 3064 306 3116 sie
323 3063 404 3116 etiam
422 3060 454 3115 F.
472 3090 506 3100 -
528 3061 567 3127 in]
584 3065 616 3116 ut
632 3061 665 3129 F,
684 3077 754 3115 corr.
771 3061 908 3128 Laetus,
940 3055 1020 3131 ‘fort
1039 3065 1071 3115 ut
1086 3053 1129 3115 in'
1146 3061 1217 3132 LSp.
1244 3093 1278 3102 —

132 3150 291 3220 philoctete]
316 3146 438 3217 philocto
465 3150 564 3201 etatem
588 3145 621 3213 F,
648 3162 721 3201 corr.
748 3145 869 3216 Aldus,
895 3147 1049 3203 Philoctete
1072 3146 1105 3215 B,
1131 3145 1216 3215 vulg.
1244 3178 1277 3186 -

134 3240 163 3290 11
184 3233 325 3304 apportas]
343 3233 443 3287 Festus
459 3249 486 3301 p.
507 3235 556 3286 356
574 3230 613 3300 M,
631 3247 754 3302 appones
773 3230 806 3301 F,
824 3232 940 3303 apponis
957 3233 991 3299 B,
1009 3235 1139 3302 apportes
1156 3232 1276 3287 Aldus.

133 3324 165 3374 12
183 3319 245 3374 loca
262 3317 343 3385 enim]
356 3318 500 3386 Laetus,
513 3316 772 3384 enimlocalibri,
790 3333 823 3372 ea
841 3317 913 3372 entm
929 3318 991 3373 loca
1003 3315 1142 3385 Muller,
1161 3315 1276 3385 Groth,

132 3404 253 3460 Reitor
269 3420 297 3473 p.
316 3405 362 3466 35,
388 3401 485 3455 Lemni
508 3401 571 3455 loca
597 3402 718 3469 Bergk.
750 3395 830 3472 ‘fort
857 3402 919 3457 loca
946 3418 1016 3471 quae
1043 3397 1116 3457 sunt’
1145 3401 1216 3471 LSp.
1243 3432 1276 3440 —

135 3493 165 3543 13
183 3491 259 3557 prest
276 3486 358 3540 olitor
373 3487 376 3555 Ι
391 3490 486 3540 ararat
502 3490 531 3540 et
547 3484 580 3550 F,
606 3502 679 3540 corr.
697 3486 922 3555 Augustinus.
950 3488 1025 3555 conf.
1043 3486 1139 3541 Ribb.
1163 3485 1231 3554 frag.
1249 3504 1274 3541 v.

134 3576 265 3638 525-36,
287 3571 359 3625 Mus.
378 3569 466 3624 Rhcn.
484 3570 584 3638 XXIX,
603 3573 660 3624 233.
688 3571 796 3641 Bergk
812 3571 911 3625 Philol.
929 3570 1059 3638 XXXIII,
1086 3573 1186 3625 sou-3
1213 3571 1276 3641 qui:

132 3657 247 3714 Lemnia
263 3659 373 3728 praesto
390 3655 485 3709 littora
502 3659 600 3724 parent
619 3654 698 3710 Celsa
710 3655 837 3710 Cabirum
855 3656 970 3712 delubra
986 3660 1055 3724 tues,
1073 3655 1205 3726 Mysteria
1222 3672 1276 3726 qua

132 3744 252 3799 Pristina
270 3741 346 3795 cistis
365 3744 497 3808 consepta
514 3740 600 3794 sacris
618 3739 761 3795 Nocturna
778 3742 855 3795 aditu
873 3743 981 3796 occulta
998 3741 1122 3795 colantur
1140 3740 1274 3796 silvestri-

131 3830 183 3885 bus
205 3827 333 3897 vepribus
359 3827 452 3880 densa.
481 3825 525 3880 En
543 3824 677 3881 Volcania
698 3827 801 3896 templa
823 3827 874 3881 sub
897 3824 966 3896 ipsis
990 3825 1124 3892 Collibus,
1152 3826 1181 3879 in
1206 3843 1274 3895 quos

132 3916 238 3970 delatus
264 3912 338 3966 locos
361 3911 471 3966 Dicitur
488 3911 544 3965 alto
561 3910 596 3963 ab
614 3909 706 3964 limine
730 3911 812 3977 coeli,
838 3917 866 3966 et
883 3912 984 3967 Nemus
1008 3910 1151 3977 expirante
1174 3927 1275 3981 vapore

131 4000 215 4065 rides,
227 3998 306 4054 Unde
323 3997 394 4066 ignis
412 3998 485 4051 cluet
502 3995 662 4050 mortalibus
680 3997 750 4050 clam
762 3996 879 4064 Disisus,
898 3998 971 4052 cluet
988 3997 1086 4050 doctus
1097 3995 1274 4052 Prometheus

132 4083 266 4154 clepsisse
293 4083 356 4137 dolo
381 4098 537 4151 poenasque
559 4081 618 4136 lori
640 4079 721 4136 Furti
742 4082 903 4152 expendIsse
927 4096 1060 4153 supremo.
1087 4110 1121 4120 -
1150 4086 1181 4137 15
1197 4083 1274 4137 delu-

130 4169 258 4224 brateues
275 4168 299 4221 F
318 4169 434 4235 (Groth),
457 4167 506 4221 sao
522 4167 638 4222 delubra
654 4171 731 4222 tenes
748 4167 849 4222 diserte
866 4166 889 4220 F
906 4166 997 4232 (Keil).
1017 4196 1046 4205 -
1066 4165 1188 4222 misteria
1204 4183 1275 4236 quac

131 4253 164 4320 F,
181 4252 356 4326 misteriaque
374 4252 512 4307 Laetus.
531 4282 564 4292 -
584 4255 616 4306 16
634 4252 731 4306 castris
749 4251 782 4319 F,
800 4268 872 4308 corr.
890 4251 1007 4308 Aldus.
