3038 5048
491 284 606 339 LIBER
624 283 799 341 OCTAVUS.
835 285 979 353 §et-33.
1250 281 1309 341 175

161 480 232 526 cum
256 459 429 525 discessum
457 461 505 523 θεῖ
533 457 575 522 ab
603 456 739 522 utilitate
768 455 811 522 ad
833 457 1046 540 voluptatem,
1080 460 1187 521 tamen
1215 454 1308 521 ineo

162 582 203 628 ex
225 556 481 627 dissimilitudine
503 557 576 640 plus
598 556 773 642 voluptatis
796 576 891 639 quam
917 577 958 624 ex
979 555 1189 623 simihtudine
1210 574 1308 641 saepe

162 662 299 748 capitur;
345 680 407 745 qno
429 660 557 727 nomine
578 663 611 725 θῖ
630 658 758 742 gemina
780 657 945 726 conclavia
967 656 1162 724 dissimiliter
1183 656 1308 741 poliunt
1330 656 1350 735 ὅ
1373 657 1413 720 32

162 771 195 831 et
227 766 326 831 lectos
358 780 422 827 non
453 761 556 829 omnis
587 761 674 845 paris
710 759 930 845 magnitudine
965 778 1004 826 ac
1040 756 1142 842 figura
1177 756 1460 826 facinorosum-o

124 864 255 944 eQuod
288 863 315 930 si
349 868 433 930 esset
465 863 616 944 analogia
648 861 788 947 petenda
820 861 1029 946 supellectili,
1070 860 1171 926 omnis
1208 859 1307 927 lectos

162 969 352 1035 haberemus
368 963 454 1032 domi
477 964 519 1030 ad
542 985 637 1031 unam
659 966 793 1031 formam
816 968 848 1029 θῖ
869 968 926 1028 aut
946 984 1018 1032 cum
1039 964 1141 1031 fulcro
1163 968 1219 1029 aut
1240 962 1308 1029 sine

163 1091 217 1154 eo,
250 1089 310 1136 nec
337 1087 408 1134 cnm
437 1066 480 1132 ad
507 1065 714 1133 tricliniarem
742 1064 894 1151 gradum,
927 1085 990 1132 non
1017 1065 1095 1132 item
1116 1063 1160 1132 ad
1182 1063 1307 1132 cubicu-

160 1173 279 1254 larem,
312 1188 415 1252 neque
436 1168 542 1253 potius
566 1166 796 1234 delectaremur
817 1167 1033 1253 supellectile,
1055 1167 1205 1234 distincta
1226 1184 1309 1248 quae

164 1280 247 1340 esset
270 1293 311 1339 ex
334 1271 430 1337 ebore
453 1319 484 1337 ..
508 1269 603 1337 rebus
627 1268 808 1353 disparibus
831 1269 940 1353 liguris
963 1289 1058 1353 quam
1080 1269 1232 1354 grabatis,
1252 1265 1308 1350 qni

111 1381 141 1434 10
162 1376 319 1456 analogcn
334 1371 377 1438 ad
398 1370 536 1438 similem
558 1372 693 1438 formam
715 1371 905 1455 plerumque
927 1370 1041 1439 eadem
1063 1372 1198 1437 materia
1219 1369 1306 1437 fiunt.

163 1473 268 1554 Quare
291 1480 345 1539 aut
367 1472 549 1558 negandum
576 1473 667 1540 nobis
690 1472 832 1558 disparia
862 1492 933 1541 esse
960 1473 1098 1539 iucunda
1127 1479 1196 1557 aut,
1231 1492 1305 1555 quo-

162 1576 248 1642 niam
277 1594 408 1642 neoesse
439 1581 487 1642 est
518 1574 676 1660 confiteri,
714 1573 883 1642 dicendum
913 1576 1081 1643 verborum
1111 1574 1461 1642 dissimilior-onesta

163 1676 288 1770 dinem,
309 1697 392 1759 quae
414 1676 510 1744 sitin
533 1674 776 1761 consuetudine,
800 1698 862 1744 non
885 1697 956 1745 θεεθ
977 1677 1153 1745 vitandam.

251 1782 298 1844 17.
322 1777 414 1859 Quod
437 1779 463 1843 si
486 1779 636 1861 analogia
657 1779 821 1860 sequenda
844 1786 891 1846 est
913 1780 1021 1863 nobis,
1055 1785 1111 1845 aut
1138 1799 1178 1845 ea
1200 1778 1305 1846 obser·
1329 1776 1349 1855 ξ
1374 1777 1414 1840 33

111 1892 150 1954 re¹
163 1881 270 1948 vande
291 1889 339 1948 θεῖ
361 1900 444 1963 quae
467 1888 514 1946 est
536 1879 569 1944 in
592 1878 818 1946 consuetudine
840 1886 896 1946 aut
918 1901 1001 1966 quae
1021 1903 1086 1948 non
1108 1888 1164 1949 est.
1210 1881 1246 1948 Si
1268 1902 1307 1949 ea

162 2002 244 2068 quae
267 1988 316 2047 θεῖ
336 1979 500 2065 sequenda
522 1987 588 2063 est,
619 1980 798 2066 praeceptis
819 1981 898 2047 nihil
921 2002 1000 2067 opus
1023 1990 1086 2066 est,
1121 1982 1206 2066 quod
1236 2004 1307 2051 oum

162 2083 421 2151 consuetudinem
436 2099 614 2165 sequemur,
636 2102 676 2148 ea
697 2100 755 2147 nos
778 2088 943 2167 sequetur,
966 2083 995 2151 si
1017 2104 1099 2167 quae
1119 2105 1183 2152 non
1206 2086 1308 2153 estin

162 2184 391 2254 consuetudine
398 2233 407 2268 ,
441 2203 643 2267 quaeremus:
672 2184 863 2266 utquisque
886 2183 949 2251 duo
971 2186 1072 2252 verba
1098 2187 1131 2252 in
1160 2191 1309 2270 quattuor

162 2287 271 2354 formis
297 2284 423 2353 finxerit
444 2285 604 2367 similiter,
634 2284 893 2367 quantusbaec
907 2286 1056 2387 uqi-[nmis
1087 2293 1200 2371 tamen,
1216 2293 1308 2367 erunt

109 2399 139 2450 re
160 2386 339 2481 seqpenda,
373 2393 407 2454 ut
429 2386 577 2472 Iuppitri,
602 2386 826 2470 Marspitrem‘?
860 2408 939 2472 quas
960 2388 989 2454 si
1011 2389 1081 2472 quis
1105 2397 1211 2456 servet
1232 2409 1306 2454 ana·
1317 2399 1348 2451 tr·
1357 2398 1395 2440 41⁷
1405 2395 1463 2449 snb

246 2641 270 2695 F
288 2640 334 2695 iol.
355 2644 386 2696 20
405 2642 566 2696 haberemus
585 2679 591 2692 .
612 2680 618 2692 .
638 2640 776 2696 orationes
794 2640 865 2696 decli

249 2881 261 2933 1
281 2879 331 2940 est]
349 2875 436 2946 vulg.
456 2891 494 2932 ex
510 2877 542 2943 B,
570 2879 599 2930 et
615 2875 648 2943 F,
675 2893 727 2931 om.
745 2877 862 2932 Aldus.
886 2877 956 2947 fort.
975 2876 1019 2932 sit.
1047 2907 1080 2917 -
1104 2871 1182 2947 ‘fort
1207 2877 1236 2932 in
1260 2873 1304 2932 ea’

161 2961 232 3033 LSp.
251 2991 285 3001 —
303 2966 396 3031 lsepe
413 2961 446 3014 F.
464 2990 498 3002 -
516 2961 671 3031 3capiatur
682 2961 708 3015 Η
714 2961 795 3030 Vap.
814 2993 849 3001 -
866 2978 919 3032 quo
936 2961 1053 3027 nomine]
1066 2956 1149 3033 ‘fort
1168 2978 1249 3033 quom
1266 2961 1309 3018 vel

161 3042 301 3116 quoniam'
321 3045 392 3116 LSp.
411 3046 531 3101 maxime
548 3046 614 3101 velis
632 3063 712 3117 quam
731 3047 764 3103 ob
782 3062 847 3102 rem.
866 3077 900 3087 -
917 3047 1022 3116 pollent
1037 3047 1070 3115 F,
1092 3063 1163 3102 corr.
1181 3045 1309 3102 Koeler

160 3133 212 3187 litt.
232 3132 293 3186 crit.
310 3131 340 3185 in
357 3130 508 3186 Varronem
524 3146 551 3200 p.
572 3136 612 3186 l'l.
631 3163 664 3172 -
688 3133 787 3189 tornis
805 3131 837 3186 F.
855 3162 890 3173 —
911 3132 972 3201 pari
990 3131 1042 3200 Vp
1059 3131 1177 3188 Aldus.
1195 3162 1229 3173 -
1251 3136 1265 3186 5
1284 3132 1308 3187 si

161 3220 242 3282 esset]
262 3216 405 3284 Laetus,
423 3220 515 3273 essent
533 3221 615 3284 (cent)
633 3217 666 3286 F,
684 3220 775 3273 essent
793 3217 816 3272 si
834 3221 906 3272 esset
922 3233 949 3286 p.
968 3246 1000 3256 -
1024 3220 1080 3272 orris
1097 3216 1130 3270 F.
1158 3247 1193 3257 -
1220 3222 1234 3270 7
1252 3232 1307 3272 uon

161 3301 235 3366 item]
254 3300 335 3355 rirtem
354 3300 388 3368 V,
414 3305 531 3357 mentem
548 3318 576 3372 p.
616 3295 697 3373 ‘fort
713 3317 769 3358 non
786 3299 849 3358 del?
872 3302 943 3372 LSp.
971 3302 1047 3373 conf.
1067 3301 1185 3358 Christ
1208 3300 1306 3355 Philol.

161 3385 235 3453 XVI,
262 3390 322 3454 455,
347 3383 467 3440 Reiter
483 3403 510 3456 p.
531 3390 554 3440 4.
581 3416 616 3427 —
642 3367 758 3442 bebor'e
833 3386 957 3441 rebusF
979 3403 1039 3442 cum
1060 3386 1152 3458 spatio
1175 3391 1309 3457 quattuor

160 3471 223 3540 fere
249 3469 299 3525 litt.
328 3474 364 3536 (er
379 3471 419 3522 sic
445 3485 537 3523 omncs
562 3473 668 3540 nostrai,
699 3473 781 3527 ebore
807 3470 922 3541 aliisque
947 3471 1030 3526 rebus
1055 3471 1196 3526 Laetus.
1231 3468 1306 3538 conf.

162 3551 284 3606 Reiter
310 3568 337 3620 p.
362 3556 394 3607 82
419 3570 458 3623 sq.
488 3548 569 3625 ‘sort
596 3555 679 3610 ebore
704 3555 843 3611 testudine
868 3555 930 3611 eliis
957 3555 1038 3610 rebus
1065 3555 1127 3610 coll.
1153 3553 1193 3608 IX
1219 3555 1236 3622 5
1259 3550 1305 3607 47’

161 3635 233 3705 LSp.
259 3636 331 3707 fort.
356 3637 408 3693 del.
431 3638 522 3693 rebus.
546 3668 580 3679 -
603 3640 735 3708 grabattis
752 3640 785 3694 F.
813 3672 847 3680 -
875 3646 906 3696 10
925 3641 1085 3709 anologicon
1103 3641 1142 3707 B,
1168 3638 1307 3708 analogeis

162 3737 223 3777 cum
240 3721 337 3791 vulg,
364 3712 419 3779 ἆνὰ
443 3719 534 3794 λόγον
556 3723 689 3779 Mhller.
717 3755 750 3764 —
779 3729 810 3781 12
828 3725 1048 3780 dissimihtudine
1064 3724 1097 3778 F.
1121 3754 1155 3764 -
1180 3727 1211 3776 13
1226 3717 1307 3794 ‘fort

162 3823 232 3877 quae
249 3804 303 3863 θεῖ’
322 3806 394 3877 LSp.
422 3837 455 3846 -
482 3806 705 3864 consuetudinem
720 3808 753 3864 F.
781 3838 814 3850 —
843 3813 874 3864 16
890 3809 976 3864 nichil
993 3810 1025 3864 F.
1056 3839 1085 3849 ·-
1113 3814 1144 3863 tr
1163 3821 1309 3877 sequamur

161 3893 306 3960 Laetus,
324 3891 461 3962 sequimur
477 3908 503 3961 p.
523 3922 556 3930 —
576 3898 607 3949 18
621 3909 762 3963 queremus
779 3893 812 3962 F,
830 3894 1100 3963 sequemurhldus.
1120 3924 1153 3933 -
1172 3897 1203 3947 19
1221 3891 1307 3946 finxe-

162 3977 198 4032 rit
216 3976 441 4045 vrrtranius,
467 3975 606 4034 finxerunt
622 3977 654 4033 F.
684 3973 761 4049 ‘fort
779 3979 862 4034 verba
879 3978 959 4033 tinxit
976 3979 1113 4046 similiter,
1138 3977 1262 4033 similiter
1278 3976 1308 4031 in

161 4066 291 4130 quattuor
308 4061 416 4128 formis,
446 4061 566 4130 quamvis
589 4063 659 4118 haec
675 4055 807 4118 nohmus’
824 4063 895 4134 LSp.
923 4094 956 4103 —
982 4063 1109 4130 nolimus]
1129 4063 1207 4134 LSp,
1232 4063 1307 4118 nole·

161 4163 220 4200 mus
238 4146 271 4213 F,
288 4148 421 4203 nollemus
439 4145 524 4215 vulg.
545 4162 582 4202 ex
599 4147 630 4201 Β.
650 4177 683 4186 -
702 4150 735 4201 20
751 4147 852 4217 iuppiti
868 4149 901 4203 F.
931 4143 1008 4218 ‘fort
1030 4152 1063 4203 ut
1078 4147 1202 4217 Iuppiter
1216 4146 1307 4204 Mers·

161 4231 234 4299 piter
250 4230 368 4302 luppitri
385 4225 544 4302 Marspitri?
567 4231 640 4302 LSp.
665 4231 891 4303 intmoqatiom's
906 4234 1015 4304 εἰρηκει
1032 4248 1083 4304 eqo
1100 4232 1210 4299 addidi,
1237 4249 1310 4304 quae
