3038 5048
244 356 294 394 xrv
750 342 886 398 Praelatio.

244 518 375 581 lllll—V,
406 517 552 573 Plorentini
574 518 643 591 apud
666 519 836 584 bandinium,
869 520 1039 577 lladritenses
1063 532 1116 579 tres
1138 523 1165 577 in
1188 522 1295 579 Haeneli
1318 532 1394 580 cata-

243 604 308 678 logo
330 621 358 677 p.
383 604 453 666 955,
487 601 608 658 Vossiani
637 604 691 660 duo
720 604 844 678 lugdun.
874 622 991 679 quorum
1019 616 1143 680 excerpta
1168 607 1286 682 collegae
1308 611 1394 664 nostri

245 691 342 747 crient.
371 688 520 744 litterarum
549 687 710 760 professoris
738 690 772 744 ll.
796 689 891 746 llttller
920 689 1120 748 benevolentiae
1149 692 1290 758 debemus,
1324 694 1394 749 Pra-

244 775 342 850 gensis,
364 773 514 830 Parmensis
537 771 691 845 (Mediolani
710 775 825 848 scriptus
846 775 890 831 llll
912 775 966 832 kal.
988 776 1063 850 Sept.
1078 774 1300 850 nccccxtvn),
1323 777 1394 833 llar-

244 861 345 917 leianus
368 856 485 932 (5406),
520 856 636 914 Venetus
665 876 744 932 quem
772 860 829 933 ipse
856 860 973 933 inspexi,
1008 878 1023 916 e
1051 860 1148 935 quibus
1177 872 1281 920 ceteros
1309 871 1394 920 aetate

244 951 354 1019 superat
381 942 548 1000 lladritensis
575 943 692 1016 primus,
720 944 795 1000 cuius
823 943 873 1000 snb
903 944 983 1002 finem
1004 945 1118 1019 legitur:
1153 946 1337 1005 Sebastianus
1360 950 1393 1004 de

244 1031 339 1104 Papia
360 1029 474 1100 scripsit
494 1026 659 1083 Florentiae
680 1027 869 1094 naccam,
893 1046 925 1085 ca
947 1038 1052 1087 vetusto
1075 1031 1095 1086 V
1116 1041 1147 1088 ut
1173 1033 1286 1089 videtur.
1330 1033 1395 1090 haec

245 1122 345 1190 quanta
373 1129 437 1169 cura
466 1110 510 1168 illo
539 1112 647 1169 saeculo
669 1112 795 1169 Varronis
822 1113 906 1170 libros
928 1115 999 1171 docti
1028 1116 1199 1172 tractaverint
1226 1118 1394 1190 confirmant,

245 1199 291 1257 scd
314 1198 403 1254 nullus
426 1196 487 1252 inde
507 1195 584 1253 lonte
605 1206 698 1271 aperto
721 1207 749 1254 et
770 1216 882 1255 excussa
905 1199 955 1272 ipsi
975 1197 1081 1257 tructus
1103 1201 1221 1258 accedet.

329 1283 367 1338 Ex
394 1281 436 1337 his
464 1298 517 1355 qua
545 1281 597 1338 lide
624 1283 710 1340 editor
738 1284 839 1357 primus
867 1283 1032 1357 provinciam
1060 1303 1135 1341 snam
1163 1286 1394 1351 administraverit,

246 1371 429 1426 demonstrare
449 1383 610 1440 possumus,
645 1384 707 1423 nam
735 1384 796 1424 cum
823 1369 873 1425 hos
902 1368 986 1424 libros
1007 1369 1221 1443 Pomponius
1249 1370 1393 1433 Laetus,

245 1455 309 1511 civis
330 1453 480 1517 Romanus,
519 1468 589 1508 anna
612 1452 799 1509 dcccclxxt
833 1453 933 1529 (neque
968 1455 1031 1510 anni
1063 1471 1151 1528 neque
1184 1455 1237 1511 loci
1267 1454 1394 1510 indicium

244 1536 448 1613 scriptumest)
471 1537 572 1611 primns
593 1535 750 1610 publicaret,
774 1540 802 1594 in
824 1537 989 1612 praefatione
1010 1539 1075 1596 haec
1098 1539 1236 1613 professus
1259 1548 1313 1595 cst:
1345 1540 1394 1596 ubi

245 1625 360 1683 librarii
388 1624 497 1679 litteras
526 1629 712 1687 mutauerant,
741 1625 870 1691 cerream
904 1625 934 1679 in
962 1623 1006 1680 bis
1035 1640 1107 1697 quae
1134 1625 1250 1680 inscitia
1280 1625 1393 1698 penitus

245 1711 385 1783 corrupit,
418 1724 475 1763 nan
503 1722 590 1762 ausus
618 1723 679 1762 snm
704 1724 816 1763 manum
837 1710 996 1781 imponere,
1030 1725 1065 1765 ne
1085 1710 1159 1781 sorte
1179 1710 1269 1781 maqt's
1292 1711 1395 1781 depra-

244 1811 357 1859 vatam:
390 1792 514 1849 extremis
535 1809 598 1848 vero
621 1791 747 1848 Varronis
769 1792 856 1849 verbis
878 1793 991 1850 addidit:
1025 1794 1107 1850 Finis
1135 1796 1195 1850 eius
1222 1796 1295 1866 qued
1316 1795 1394 1850 inue-

244 1882 323 1936 nitur
351 1877 448 1935 Marci
478 1875 622 1934 Varronis.
653 1876 743 1932 Parce
772 1880 821 1951 qui
848 1879 963 1949 tepetis,
997 1879 1023 1935 si
1049 1881 1147 1952 atique
1182 1880 1274 1935 minus
1301 1880 1394 1951 polita

245 1964 402 2027 inueneris,
431 1978 499 2017 nam
519 1962 561 2017 ita
583 1977 619 2017 ea
640 1963 715 2017 amni
735 1971 817 2036 parte
841 1964 902 2018 siue
923 1965 1048 2020 seculum
1068 1965 1168 2037 feeerit
1193 1965 1254 2020 siue
1281 1965 1395 2020 librarii

244 2051 373 2106 volumen
388 2047 505 2119 quodvis
521 2052 682 2120 camuptum
697 2054 767 2112 erat,
789 2055 820 2104 nt
840 2064 952 2103 neeesse
973 2050 1060 2120 [namt
1081 2051 1222 2122 aucupari
1243 2048 1308 2105 binc
1328 2050 1394 2104 inde

245 2134 414 2199 sententiam·
436 2133 498 2187 t'deo
520 2131 582 2187 sine
603 2133 706 2187 rubore
727 2134 840 2189 neniam
861 2134 944 2190 dabis
967 2141 993 2190 et
1014 2135 1106 2191 errori
1126 2151 1240 2191 manum
1264 2136 1394 2207 imponas

246 2219 415 2291 Pomponius
439 2225 502 2272 tuus
524 2224 596 2272 arat.
625 2215 699 2274 Vale.
743 2217 807 2275 Eius
828 2219 1028 2286 recensionem,
1061 2227 1093 2276 ut
1113 2219 1171 2277 fieri
1192 2220 1278 2285 solet,
1311 2219 1396 2276 secuti

245 2313 310 2363 sunt
331 2303 462 2368 editores;
493 2318 572 2358 nemo
595 2303 665 2359 enim
686 2302 737 2358 nisi
757 2303 874 2360 melioris
895 2312 976 2361 notae
998 2304 1121 2362 adhibitis
1143 2304 1231 2369 libris,
1265 2320 1335 2378 quae
1363 2321 1396 2361 ex

246 2390 302 2447 eius
330 2387 438 2460 ingenio
467 2387 540 2444 illata
567 2396 672 2452 essent,
705 2389 858 2463 perspicere
885 2398 1002 2463 poterat.
1044 2389 1114 2446 Usus
1131 2397 1181 2446 est
1202 2390 1303 2463 scripto
1324 2387 1394 2445 libro

246 2473 386 2533 deterioris
414 2482 508 2538 notae,
525 2473 619 2544 ,simili
640 2471 839 2530 Guelferbitano
867 2483 961 2530 nostro
986 2473 1043 2548 tlt),
1078 2475 1124 2548 qui
1151 2473 1220 2531 male
1245 2474 1394 2546 descriptus

245 2569 288 2618 est
315 2575 366 2616 nec
392 2557 598 2632 interpolatione
626 2566 708 2614 caret.
720 2556 743 2630 ¹)
786 2560 822 2615 At
848 2559 1014 2633 Pomponius
1043 2575 1098 2615 non
1127 2575 1211 2634 pauca
1240 2575 1290 2615 nec
1316 2557 1392 2622 levia,

245 2644 293 2701 sed
315 2643 429 2717 plurima
450 2651 478 2699 et
498 2642 653 2716 gravissima
675 2642 800 2708 correxit,
822 2643 906 2701 multa
929 2642 1006 2709 bene,
1028 2643 1106 2718 plura
1127 2661 1252 2718 perverse
1267 2652 1294 2701 et
1306 2644 1394 2699 minus

244 2728 410 2791 verecunde,
432 2727 461 2784 id
482 2727 555 2801 qnod
578 2744 667 2793 nnnc,
691 2744 752 2784 cum
773 2726 873 2804 ubique
896 2729 994 2787 codicis
1016 2729 1036 2784 p
1056 2729 1136 2787 lectio
1158 2737 1298 2806 appareat,
1332 2745 1395 2786 cer-

246 2814 345 2870 tissime
368 2811 453 2870 evinci
473 2819 574 2885 potest.

332 2898 467 2955 Lacunam
493 2897 576 2952 totius
604 2895 676 2959 tetii,
709 2898 737 2953 in
765 2913 817 2970 qua
843 2897 1005 2971 principium
1033 2896 1095 2955 lihri
1121 2899 1227 2972 septimi
1249 2906 1321 2961 erat,
1355 2898 1394 2953 his

333 3078 357 3142 1)
376 3076 417 3142 Vl,
436 3079 468 3130 82
485 3080 590 3144 propter
608 3075 691 3127 simile
705 3075 824 3127 desinens
848 3075 926 3127 rerba
950 3090 1068 3140 augures
1091 3075 1186 3125 dieunt
1200 3090 1314 3141 merere.
1332 3091 1394 3126 con·

245 3146 358 3199 suetudo
376 3147 523 3198 communie
539 3160 608 3210 quae
625 3159 684 3194 eum
698 3146 867 3210 praecordiis
884 3145 1029 3195 coniuncta
1049 3140 1163 3202 fuerunt
1179 3145 1260 3193 etiam
1276 3158 1350 3193 nunc
1367 3143 1394 3194 in

246 3214 273 3267 Μ
290 3217 317 3267 et
335 3211 403 3281 apud
420 3211 527 3265 Laetum
545 3212 742 3277 interciderunt,
768 3211 839 3278 quod
856 3211 958 3278 utrique
977 3210 1085 3263 eundem
1103 3224 1160 3262 esse
1178 3210 1275 3262 sontem
1293 3210 1393 3277 probat.

247 3282 278 3349 V,
296 3284 328 3335 43
347 3282 452 3332 ratibus
469 3281 645 3346 quadrantem
662 3280 799 3331 solvebant
816 3281 893 3330 cuiue
910 3280 976 3331 male
994 3293 1040 3344 pro
1062 3279 1168 3329 ratibus
1186 3281 1271 3330 cuius.
1301 3277 1342 3340 Vl,
1361 3280 1394 3330 ab

246 3367 319 3403 nunc
332 3353 517 3401 ornamentum
529 3348 602 3414 quad
613 3350 684 3399 ment
694 3352 852 3399 ornamenta
858 3363 916 3466 qim
934 3347 1016 3412 vulga
1034 3350 1219 3397 ornamentum
1237 3346 1309 3413 quod
1324 3349 1396 3397 sicut

249 3420 314 3471 alim
333 3421 524 3468 esnamentum.
559 3414 590 3480 V,
603 3418 636 3467 54
655 3415 687 3468 de
705 3430 752 3468 sua
770 3415 841 3467 addit
901 3418 1068 3482 cundpertus
1086 3420 1131 3479 est,
1148 3414 1240 3467 Laetus
1257 3418 1393 3482 sacripor-

248 3493 291 3538 tus
308 3485 348 3538 'est
364 3489 391 3536 et
406 3488 436 3535 iu
453 3500 485 3534 ea
501 3487 549 3535 ric.
582 3481 626 3550 Vl,
643 3485 676 3537 58
694 3487 726 3534 ab
745 3501 775 3535 ee
792 3487 885 3549 itaque
902 3487 1012 3548 veteres,
1030 3484 1063 3533 ab
1081 3499 1112 3534 eo
1130 3483 1235 3548 quidem
1254 3483 1288 3550 M,
1310 3487 1342 3535 ab
1362 3501 1393 3535 ea

248 3555 353 3621 quidem
374 3568 473 3619 graeca
496 3567 558 3603 uoce
580 3550 681 3606 Laetus.
717 3552 776 3604 inde
802 3556 920 3618 corrupta
939 3551 1028 3603 eadem
1048 3550 1075 3603 in
1093 3555 1202 3618 utroque
1219 3568 1243 3606 v.
1263 3568 1284 3604 c.
1311 3551 1342 3615 V,
1360 3553 1393 3604 33

248 3641 282 3674 ea·
300 3639 350 3674 ara
366 3635 493 3673 romanus
510 3625 538 3670 et
550 3622 668 3685 gabinus
685 3634 731 3686 pro
749 3625 828 3670 entra
846 3635 988 3671 romanum
1005 3623 1032 3669 et
1046 3621 1186 3685 gabinum.
1205 3619 1266 3686 Vlll,
1285 3622 1317 3672 33
1335 3618 1394 3669 libri

248 3691 376 3756 analogia
393 3689 525 3754 sequenda
543 3692 583 3738 est
597 3688 682 3752 nabis,
699 3686 791 3739 Laetus
808 3688 947 3738 sternenda
970 3686 1036 3739 unde
1059 3691 1110 3739 vet.
1130 3688 1208 3740 editio
1233 3703 1283 3740 non
1306 3688 1393 3752 inepte

247 3759 390 3810 statuenda
407 3755 524 3818 correxit,
542 3769 625 3822 neque
644 3756 689 3807 ille
707 3770 840 3821 operarum
859 3770 928 3807 error
946 3761 995 3820 est,
1016 3770 1074 3806 nam
1091 3756 1118 3807 in
1135 3755 1161 3807 ll
1179 3759 1249 3808 extat
1266 3753 1393 3817 analogia

247 3827 367 3879 staueda.
386 3825 446 3890 Vlll,
460 3827 491 3877 50
504 3822 530 3875 bl
542 3827 571 3874 in
583 3825 625 3873 bis
674 3825 805 3888 ardeatis,
824 3837 887 3890 quas
905 3823 1003 3874 litteras
1021 3823 1048 3874 in
1066 3824 1154 3876 codice
1172 3823 1289 3874 librarius
1308 3822 1393 3887 legere

248 3909 300 3946 non
318 3894 411 3960 potnit,
429 3892 530 3958 omisit,
552 3893 638 3942 tn'bus
655 3891 786 3958 supplerit
803 3890 910 3955 laetus,
937 3906 1020 3958 neque
1038 3889 1166 3944 Victorius
1184 3891 1233 3942 hoc
1251 3903 1282 3940 ex
1300 3886 1321 3938 B
1338 3902 1394 3939 mn-

248 3961 325 4021 tavit3
343 3962 365 4012 is
383 3961 463 4028 igitur
480 3959 548 4012 idem
565 3958 636 4011 dedit
653 3959 708 4011 sive
726 3974 758 4011 ex
774 3958 852 4011 Laeto
871 3959 926 4012 sire
944 3958 1047 4011 aliunde
1065 3963 1201 4026 sumptum.
1236 3956 1277 4020 Vl,
1297 3958 1328 4007 tt
1347 3958 1395 4019 agi

248 4046 304 4080 nan
326 4033 413 4095 potest
430 4026 456 4079 M
473 4029 578 4094 Laetus,
604 4043 660 4078 nan
680 4031 768 4093 potest
784 4029 832 4092 age·
850 4027 935 4078 ceteri.
970 4025 1001 4092 V,
1020 4029 1053 4081 65
1070 4027 1164 4079 Laetus
1181 4026 1208 4076 in
1225 4023 1299 4075 Ennii
1317 4037 1393 4074 versu

249 4098 358 4149 arbores
375 4098 521 4162 bubusque
538 4110 584 4162 pro
602 4097 677 4146 urbis
695 4095 836 4161 beluasque
854 4094 923 4161 quod
941 4095 1019 4147 ceteri
1037 4109 1135 4158 omnes,
1153 4093 1231 4144 etiam
1248 4089 1277 4156 B,
1296 4094 1393 4155 tenent,

249 4165 339 4218 audaci
357 4165 517 4230 coniectura,
534 4163 579 4217 sed
596 4178 648 4216 non
665 4163 751 4231 inepte
770 4163 934 4228 excogitavit.
952 4162 984 4228 V,
1002 4165 1036 4215 94
1053 4163 1114 4220 item
1132 4160 1203 4212 solus
1221 4162 1299 4225 quasi
1315 4159 1393 4210 inda-

246 4237 330 4299 gator
346 4247 392 4298 pro
411 4248 478 4298 quas
494 4233 655 4299 indagatur,
678 4231 710 4294 ll,
724 4233 756 4284 16
775 4234 882 4296 egrotum
898 4235 925 4281 et
941 4230 1092 4297 languescit
1107 4231 1237 4295 postrema
1255 4226 1305 4280 duo
1324 4227 1396 4280 eolus

248 4300 340 4355 laetus
358 4298 437 4353 addit.
