3038 5048
260 295 321 353 114
600 294 714 351 LIBER
731 293 921 351 SEPTIMUS.
956 296 970 361 ξ
991 298 1064 348 1-3.

259 469 292 534 in
314 468 378 535 illis
404 467 512 549 quiin
535 466 705 535 scrutando
728 469 826 535 verbo
855 467 994 533 litteram
1017 466 1160 532 adiciunt
1188 472 1243 531 aut
1266 465 1415 546 demunt,

261 590 323 653 quo
346 570 486 654 facilius,
510 569 587 653 quid
609 571 668 636 sub
692 590 731 635 ea
752 591 831 637 voce
854 569 965 651 subsit,
989 569 1091 634 videri
1112 569 1229 654 possit;
1264 575 1300 634 ut
1322 568 1414 634 enim

107 690 137 740 tr·
146 689 184 732 ²82
193 686 250 740 sno
260 672 385 739 facilius
408 673 576 739 obscuram
599 692 729 757 operam
751 671 982 756 Myrmecidum
1010 692 1051 737 ex
1080 671 1176 737 ebore
1203 671 1289 739 oculi
1317 670 1414 738 vide-

174 778 195 858 ξ
216 778 236 838 2
258 782 323 860 ant,
347 776 542 842 extrinsecus
564 774 737 840 admovent
764 775 871 857 nigras
899 782 994 841 setas.
1061 774 1141 841 Oum
1168 772 1248 839 haec
1271 773 1412 841 admini-

260 880 333 945 cula
352 877 454 943 addas
477 875 519 942 ad
542 876 715 942 eruendam
731 878 926 942 voluntatem
948 876 1153 960 imposituris,
1176 882 1283 942 tamen
1305 876 1415 943 latent
1436 889 1452 938 5

261 982 369 1046 multa.
415 979 509 1057 Quod
531 980 559 1045 si
580 979 705 1063 poetice
729 973 832 1062 [quac]
859 978 893 1043 in
915 977 1108 1045 carminibus
1133 977 1275 1045 servavit
1304 980 1413 1045 multa

260 1084 365 1170 prisca
388 1102 469 1167 quae
492 1086 615 1164 essent,
638 1081 684 1145 sic
706 1081 802 1144 etiam
826 1100 880 1145 cur
902 1086 1008 1146 essent
1030 1080 1205 1164 posuisset,
1238 1080 1411 1147 fecundius

261 1189 411 1270 poemata
440 1184 557 1249 ferrent
585 1183 736 1265 fructum,
775 1181 834 1247 sed
863 1190 898 1246 ut
926 1180 960 1245 in
989 1182 1095 1248 soluta
1124 1183 1267 1250 oratione
1297 1182 1346 1248 sic
1377 1184 1412 1247 in

106 1305 139 1355 tr·
148 1298 250 1354 ttsssrt)
260 1287 416 1372 poematis
437 1285 537 1351 verba
558 1284 665 1349 omnia
687 1304 770 1367 quae
791 1282 910 1349 habent
933 1282 1045 1366 ἔτυμα,
1069 1280 1152 1371 [non]
1174 1290 1308 1369 possunt
1331 1285 1411 1370 dici,

259 1409 364 1472 neque
385 1388 486 1454 multa
507 1387 548 1451 ab
572 1408 629 1470 eo,
663 1405 757 1468 quem
780 1406 842 1451 non
866 1392 957 1451 erunt
978 1387 1011 1452 in
1033 1387 1251 1455 lucubratione
1279 1388 1414 1455 litterae
1436 1399 1465 1449 to

259 1497 463 1574 prosecutae,
497 1490 631 1555 multum
653 1489 728 1554 licet
750 1489 878 1572 legeret.
924 1489 1009 1554 Aelii
1031 1488 1169 1554 hominis
1191 1489 1224 1555 in
1246 1489 1350 1572 primo
1374 1489 1411 1556 in

260 1591 374 1658 litteris
396 1590 504 1657 latinis
526 1590 691 1656 exercitati
720 1589 1016 1671 interpretationem
1047 1591 1221 1657 carminum
1245 1589 1410 1658 Saliorum

262 1692 387 1760 videbis
403 1700 435 1757 et
450 1692 527 1758 exili
549 1693 657 1756 littera
679 1690 864 1777 expeditam
888 1701 920 1758 et
941 1692 1114 1778 praeterita
1137 1693 1273 1761 obscura
1295 1695 1409 1760 multa.

177 1800 197 1877 ξ
219 1802 238 1862 3
261 1795 331 1861 Nec
358 1795 487 1879 mirum,
521 1815 592 1860 cunr
621 1813 683 1859 non
712 1795 807 1860 modo
830 1793 1036 1879 Epimenides
1059 1794 1135 1863 Ores
1160 1803 1234 1881 post
1255 1817 1359 1863 annos
1381 1797 1410 1861 L

262 2099 368 2153 videtur
393 2099 523 2153 voluisse:
552 2098 677 2153 difficilia
703 2103 769 2155 sunt
794 2100 933 2170 explicatu
960 2100 1073 2169 antiqua
1097 2105 1240 2169 poetarum
1263 2103 1409 2159 vocabula.

263 2201 345 2255 saepe
363 2185 435 2239 enirn
453 2183 679 2252 significationem
696 2184 815 2253 aliquam
832 2185 970 2253 prioribus
993 2186 1162 2255 temporibus
1184 2186 1340 2256 impositam
1364 2207 1410 2244 re-

262 2286 330 2340 pens
358 2271 439 2324 ruina
461 2269 581 2338 operuit.
608 2273 640 2324 ut
665 2286 735 2338 quae
761 2269 844 2324 luerit
869 2270 1023 2338 ignoretur,
1050 2275 1100 2326 aut
1125 2271 1148 2325 si
1173 2276 1272 2341 postea
1296 2273 1410 2330 litterae

262 2356 389 2425 demptae
415 2360 493 2422 sunt,
521 2355 662 2409 obscurior
688 2355 720 2409 fit
745 2355 871 2410 voluntas
898 2355 1073 2424 imposituris.
1101 2386 1133 2394 -
1161 2361 1172 2409 1
1197 2357 1226 2411 in
1252 2357 1317 2425 illis]
1344 2359 1409 2414 illos

263 2440 460 2510 Scioppius.
480 2441 624 2495 -literas
642 2440 779 2495 Laetus.
798 2470 830 2478 -
855 2439 987 2503 adiciunt]
1005 2440 1147 2494 addiciunt
1164 2458 1191 2510 p,
1210 2442 1350 2498 additiunt
1367 2445 1408 2499 M.

261 2521 340 2595 ‘fort
354 2521 469 2580 addunt’
483 2525 555 2595 LSp.
574 2554 607 2563 -
626 2529 641 2578 2
660 2530 723 2592 quo]
742 2525 938 2592 Turnebus,
956 2524 1021 2592 quid
1038 2524 1131 2579 libri.
1149 2557 1183 2566 -
1206 2527 1315 2582 facilius
1334 2532 1411 2598 quod

263 2610 298 2663 H.
317 2640 350 2649 —
368 2609 463 2673 rideri]
481 2610 537 2663 sive
554 2608 656 2663 videret
673 2610 745 2678 LSp,
763 2610 858 2664 uidere
876 2609 969 2664 libri.
996 2641 1029 2649 —
1055 2611 1151 2681 possit]
1169 2613 1277 2681 possint
1294 2614 1409 2670 Aldus

263 2710 323 2748 cum
341 2695 373 2747 Β.
401 2725 435 2733 -
461 2699 492 2747 ut
510 2695 589 2758 enim]
607 2693 806 2761 Victorius,
834 2700 862 2748 et
879 2695 950 2748 enim
967 2695 1060 2750 libri.
1088 2728 1120 2735 -
1147 2701 1162 2750 3
1181 2699 1298 2752 obscura
1322 2714 1410 2768 opera

263 2778 460 2846 Victorius,
479 2778 671 2834 Turnebus.
690 2809 721 2816 -
741 2779 942 2847 myrmecidum]
956 2781 1145 2849 Bentinus,
1162 2783 1328 2852 yrmecidum
1342 2785 1409 2854 FH,

263 2861 360 2967 §uncti
372 2900 435 2953 dum
447 2915 473 2965 a,
490 2897 598 2951 irmeci:
617 2898 680 2950 dum
694 2898 726 2963 G,
740 2898 859 2967 hyrmeci
876 2899 939 2953 dum
950 2900 1093 2968 Laetus,
1104 2901 1278 2970 Myrmecidis
1288 2904 1407 2959 Aldus.

264 2984 336 3044 cons.
351 2983 469 3037 (iroth.
489 3013 520 3020 -
540 2987 556 3034 4
568 2983 592 3036 si
605 2982 773 3037 extrinsecus
785 2983 902 3037 Aldus.
920 2979 997 3054 ‘fort
1012 2986 1035 3039 si
1047 2985 1217 3041 extrinsecus
1229 2989 1410 3045 admoventur

263 3063 353 3134 nigra'
372 3067 445 3136 LSp.
465 3097 495 3104 —
523 3068 649 3121 admovet
667 3066 700 3134 d,
719 3068 754 3121 ad
771 3072 890 3122 montem
908 3086 935 3137 a,
953 3070 1118 3124 admoveant
1134 3071 1274 3128 Laetus.
1303 3099 1336 3114 -ι
1363 3076 1407 3128 ni·

263 3152 425 3220 grasissetas
443 3168 468 3205 a.
487 3151 573 3220 nigra,
592 3153 640 3205 ssd
657 3155 748 3206 tamen
766 3169 828 3206 cum
845 3154 1040 3223 Scioppius.
1065 3151 1144 3224 ‘sort
1162 3157 1241 3226 nigra
1258 3159 1307 3212 sed
1324 3160 1408 3214 etiam

264 3231 338 3291 cum’
357 3237 426 3307 LSp.
449 3267 482 3274 -
508 3253 588 3304 quom
607 3237 675 3292 GH.
703 3266 736 3276 -
763 3237 936 3292 amminicula
952 3239 984 3293 F.
1013 3270 1043 3278 —
1073 3245 1184 3311 equae]
1203 3243 1266 3298 add.
1285 3244 1356 3312 LSp,
1376 3251 1409 3300 ut

265 3322 328 3376 add.
347 3321 535 3375 Turnebus.
554 3353 587 3360 -
606 3323 728 3377 seruabit
745 3323 776 3390 F,
796 3316 944 3378 seruabant
963 3323 1000 3391 M,
1018 3340 1090 3379 corr.
1109 3327 1302 3392 Victorius,
1321 3330 1407 3384 Tur-

265 3407 379 3462 nebus.
398 3438 431 3444 —
450 3411 464 3459 t
484 3407 542 3474 eur]
561 3423 630 3475 quor
648 3408 849 3478 Scioppius,
868 3426 948 3477 quom
966 3409 1000 3476 H,
1019 3426 1080 3465 oum
1097 3412 1129 3467 G.
1148 3443 1181 3451 —-
1199 3414 1356 3482 posuissent
1373 3415 1406 3482 F,

264 3491 481 3546 oorr.Victor.
502 3491 696 3547 Turnebus.
715 3524 747 3531 -
770 3494 915 3548 secundius
933 3494 966 3562 F,
985 3511 1057 3550 corr.
1076 3496 1212 3553 Laetus.
1240 3530 1274 3539 -
1300 3504 1315 3552 9
1334 3501 1408 3554 omia

264 3576 297 3642 F,
315 3593 371 3631 non
386 3576 476 3631 omnia
492 3577 623 3631 Mttller
639 3578 687 3646 (ef.
706 3579 723 3646 ξ
741 3581 765 3645 4,
785 3582 810 3644 t)
833 3579 923 3633 omnia
940 3597 992 3633 om.
1010 3581 1207 3653 Scioppius.
1234 3614 1268 3623 —
1294 3585 1407 3651 habent]

265 3659 370 3717 habdnt
380 3662 404 3714 F
416 3679 487 3715 reare.
504 3666 527 3728 1,
544 3661 619 3731 quod
629 3665 698 3718 solet
710 3681 767 3718 esse
778 3663 913 3720 haberent
925 3665 1016 3735 (Keil),
1034 3669 1152 3724 habeant
1165 3685 1235 3723 corr.
1249 3686 1287 3724 ex
1303 3671 1408 3724 habent

265 3747 425 3814 Fttiroth),
451 3747 572 3801 habeant
590 3746 713 3816 GHVp,
740 3749 873 3805 haberent
891 3751 916 3804 b.
945 3783 977 3790 -
998 3758 1063 3817 non]
1091 3754 1142 3808 boc
1168 3755 1226 3809 loco
1253 3753 1315 3808 add.
1335 3753 1405 3825 LSp.

263 3862 297 3869 —
314 3831 389 3886 dici.
405 3872 410 3885 .
425 3833 566 3900 mequeB
585 3848 645 3885 cam
657 3834 746 3903 spatio
759 3835 939 3906 cornplrrrr'um
951 3837 1102 3892 verbornm.
1120 3869 1153 3877 -
1172 3844 1203 3893 10
1217 3839 1251 3894 ab
1263 3844 1305 3904 eo]
1318 3841 1405 3895 habeo

264 3915 332 3984 Vp,
359 3917 394 3970 ab
412 3933 445 3970 eo
463 3920 595 3970 eruentur
610 3916 743 3972 Muller.
779 3915 856 3988 ‘sort
875 3922 910 3975 ab
934 3939 966 3978 eo
989 3928 1072 3979 erunt
1094 3942 1174 3994 quem
1195 3942 1250 3981 non
1273 3917 1315 3979 in'
1334 3924 1405 3994 LSp.

264 4016 315 4070 epo
332 4001 458 4072 suppleri
476 4018 674 4072 possessores
692 4008 807 4071 possunt
825 4004 888 4059 dici.
917 4037 950 4046 -
979 4013 1007 4063 11
1027 4009 1125 4078 legerit
1146 4010 1345 4079 Scioppius.
1373 4040 1406 4050 -

265 4084 338 4148 aelii]
350 4085 386 4153 H,
403 4086 469 4142 helii
482 4087 513 4140 F.
532 4117 566 4126 -
582 4087 612 4141 in
628 4087 739 4157 primeis
751 4090 974 4157 Augustinus.
995 4124 1027 4132 —
1049 4097 1078 4147 13
1091 4093 1255 4162 expeditam]
1268 4095 1405 4163 Laetus,

265 4169 393 4237 expedita
410 4171 433 4224 F
450 4166 529 4240 ‘sort
547 4165 634 4227 reete'
647 4172 764 4228 (iroth.
784 4177 1011 4245 -praeteritam
1029 4177 1172 4232 obscuram
1187 4176 1219 4230 F.
1240 4210 1271 4218 --
1291 4183 1322 4234 14
1340 4195 1405 4249 epa-

263 4253 378 4307 menidis
404 4254 437 4322 F,
464 4273 534 4310 corr.
561 4257 648 4325 vulg.
675 4274 713 4312 ex
738 4260 770 4313 B.
799 4289 831 4297 -
859 4266 927 4325 cres]
955 4263 992 4331 Sp
1019 4261 1098 4327 (Phil.
1117 4260 1228 4330 Anzeig.
1248 4263 1316 4333 Vp.
1336 4267 1406 4332 584),
