<?xml version="1.0" encoding="UTF-8"?>
<!DOCTYPE html PUBLIC "-//W3C//DTD XHTML 1.0 Transitional//EN"
    "http://www.w3.org/TR/xhtml1/DTD/xhtml1-transitional.dtd">
<html xmlns="http://www.w3.org/1999/xhtml" xml:lang="en" lang="en">
 <head>
  <title>
</title>
<meta http-equiv="Content-Type" content="text/html;charset=utf-8" />
  <meta name='ocr-system' content='tesseract 3.04.00' />
  <meta name='ocr-capabilities' content='ocr_page ocr_carea ocr_par ocr_line ocrx_word'/>
</head>
<body>
  <div class='ocr_page' id='page_1' title='image "./mterentivarroni00varrgoog_0010.png"; bbox 0 0 3038 5048; ppageno 0'>
   <div class='ocr_carea' id='block_1_1' title="bbox 182 1565 1338 4045">
    <p class='ocr_par' dir='ltr' id='par_1_1' title="bbox 188 1565 1338 2501">
     <span class='ocr_line' id='line_1_1' title="bbox 281 1565 1338 1683; baseline 0.004 -33"><span class='ocrx_word' id='word_1_1' title='bbox 281 1565 391 1650; x_wconf 89' lang='lat' dir='ltr'><strong>Patris</strong></span> <span class='ocrx_word' id='word_1_2' title='bbox 414 1580 569 1649; x_wconf 79' lang='lat' dir='ltr'><strong>carissimi</strong></span> <span class='ocrx_word' id='word_1_3' title='bbox 591 1581 641 1679; x_wconf 92' lang='lat' dir='ltr'><strong>dis</strong></span> <span class='ocrx_word' id='word_1_4' title='bbox 662 1583 808 1651; x_wconf 91' lang='lat' dir='ltr'><strong>manibus</strong></span> <span class='ocrx_word' id='word_1_5' title='bbox 831 1603 921 1652; x_wconf 92' lang='lat' dir='ltr'><strong>sacer</strong></span> <span class='ocrx_word' id='word_1_6' title='bbox 942 1584 994 1683; x_wconf 91' lang='lat' dir='ltr'><strong>hio</strong></span> <span class='ocrx_word' id='word_1_7' title='bbox 1016 1585 1130 1654; x_wconf 91' lang='lat' dir='ltr'><strong>liber⁸</strong></span> <span class='ocrx_word' id='word_1_8' title='bbox 1121 1607 1154 1652; x_wconf 90' lang='grc' dir='ltr'><strong>ιιι</strong></span> <span class='ocrx_word' id='word_1_9' title='bbox 1176 1583 1338 1671; x_wconf 88' lang='lat' dir='ltr'><strong>publicum</strong></span> 
     </span>
     <span class='ocr_line' id='line_1_2' title="bbox 191 1675 1336 1809; baseline -0.001 -36"><span class='ocrx_word' id='word_1_10' title='bbox 191 1702 298 1809; x_wconf 85' lang='lat' dir='ltr'><strong>prodit</strong></span> <span class='ocrx_word' id='word_1_11' title='bbox 320 1702 451 1785; x_wconf 89' lang='lat' dir='ltr'><strong>eiusque</strong></span> <span class='ocrx_word' id='word_1_12' title='bbox 472 1707 612 1769; x_wconf 80' lang='lat' dir='ltr'><strong>mentem</strong></span> <span class='ocrx_word' id='word_1_13' title='bbox 632 1675 762 1786; x_wconf 84' lang='lat' dir='ltr'><strong>atque</strong></span> <span class='ocrx_word' id='word_1_14' title='bbox 752 1696 913 1785; x_wconf 79' lang='lat' dir='ltr'><strong>ingenium</strong></span> <span class='ocrx_word' id='word_1_15' title='bbox 935 1724 994 1787; x_wconf 88' lang='lat' dir='ltr'><strong>per</strong></span> <span class='ocrx_word' id='word_1_16' title='bbox 1016 1710 1116 1772; x_wconf 95' lang='lat' dir='ltr'><strong>totum</strong></span> <span class='ocrx_word' id='word_1_17' title='bbox 1138 1681 1253 1773; x_wconf 91' lang='lat' dir='ltr'><strong>librum</strong></span> <span class='ocrx_word' id='word_1_18' title='bbox 1274 1707 1336 1792; x_wconf 93' lang='lat' dir='ltr'><strong>spi-</strong></span> 
     </span>
     <span class='ocr_line' id='line_1_3' title="bbox 190 1807 1337 1919; baseline 0 -29"><span class='ocrx_word' id='word_1_19' title='bbox 190 1845 261 1893; x_wconf 89' lang='lat' dir='ltr'><strong>rare</strong></span> <span class='ocrx_word' id='word_1_20' title='bbox 284 1822 417 1906; x_wconf 87' lang='lat' dir='ltr'><strong>senties;</strong></span> <span class='ocrx_word' id='word_1_21' title='bbox 442 1820 497 1904; x_wconf 89' lang='lat' dir='ltr'><strong>qui</strong></span> <span class='ocrx_word' id='word_1_22' title='bbox 518 1808 547 1885; x_wconf 88' lang='lat' dir='ltr'><strong>si</strong></span> <span class='ocrx_word' id='word_1_23' title='bbox 555 1807 637 1904; x_wconf 90' lang='lat' dir='ltr'><strong>ipse</strong></span> <span class='ocrx_word' id='word_1_24' title='bbox 652 1839 725 1886; x_wconf 92' lang='lat' dir='ltr'><strong>eum</strong></span> <span class='ocrx_word' id='word_1_25' title='bbox 740 1820 900 1889; x_wconf 88' lang='lat' dir='ltr'><strong>edendum</strong></span> <span class='ocrx_word' id='word_1_26' title='bbox 915 1830 1065 1906; x_wconf 79' lang='lat' dir='ltr'><strong>curasset,</strong></span> <span class='ocrx_word' id='word_1_27' title='bbox 1065 1830 1206 1919; x_wconf 73' lang='lat' dir='ltr'><strong>quanto</strong></span> <span class='ocrx_word' id='word_1_28' title='bbox 1222 1823 1337 1892; x_wconf 88' lang='lat' dir='ltr'><strong>melius</strong></span> 
     </span>
     <span class='ocr_line' id='line_1_4' title="bbox 189 1927 1334 2047; baseline -0.002 -37"><span class='ocrx_word' id='word_1_29' title='bbox 189 1945 251 2012; x_wconf 92' lang='lat' dir='ltr'><strong>hoc</strong></span> <span class='ocrx_word' id='word_1_30' title='bbox 272 1942 399 2047; x_wconf 81' lang='lat' dir='ltr'><strong>negotio</strong></span> <span class='ocrx_word' id='word_1_31' title='bbox 422 1947 506 2009; x_wconf 89' lang='lat' dir='ltr'><strong>esset</strong></span> <span class='ocrx_word' id='word_1_32' title='bbox 493 1940 665 2006; x_wconf 83' lang='lat' dir='ltr'><strong>tfunctusl</strong></span> <span class='ocrx_word' id='word_1_33' title='bbox 694 1958 778 2006; x_wconf 92' lang='lat' dir='ltr'><strong>nunc</strong></span> <span class='ocrx_word' id='word_1_34' title='bbox 800 1933 859 2024; x_wconf 83' lang='lat' dir='ltr'><strong>ego</strong></span> <span class='ocrx_word' id='word_1_35' title='bbox 881 1941 1101 2008; x_wconf 89' lang='lat' dir='ltr'><strong>substitutus⁸</strong></span> <span class='ocrx_word' id='word_1_36' title='bbox 1092 1964 1126 2009; x_wconf 93' lang='lat' dir='ltr'><strong>m</strong></span> <span class='ocrx_word' id='word_1_37' title='bbox 1148 1927 1253 2010; x_wconf 88' lang='lat' dir='ltr'><strong>locum</strong></span> <span class='ocrx_word' id='word_1_38' title='bbox 1274 1942 1334 2009; x_wconf 86' lang='lat' dir='ltr'><strong>dif-</strong></span> 
     </span>
     <span class='ocr_line' id='line_1_5' title="bbox 189 2033 1335 2146; baseline 0 -19"><span class='ocrx_word' id='word_1_39' title='bbox 189 2042 365 2128; x_wconf 89' lang='lat' dir='ltr'><strong>ficillimum</strong></span> <span class='ocrx_word' id='word_1_40' title='bbox 392 2078 522 2146; x_wconf 83' lang='lat' dir='ltr'><strong>operam</strong></span> <span class='ocrx_word' id='word_1_41' title='bbox 550 2042 641 2140; x_wconf 88' lang='lat' dir='ltr'><strong>dedi,</strong></span> <span class='ocrx_word' id='word_1_42' title='bbox 674 2064 709 2124; x_wconf 91' lang='lat' dir='ltr'><strong>ut</strong></span> <span class='ocrx_word' id='word_1_43' title='bbox 736 2058 764 2125; x_wconf 88' lang='lat' dir='ltr'><strong>si</strong></span> <span class='ocrx_word' id='word_1_44' title='bbox 792 2044 957 2143; x_wconf 86' lang='lat' dir='ltr'><strong>quando⁸</strong></span> <span class='ocrx_word' id='word_1_45' title='bbox 948 2081 986 2126; x_wconf 95' lang='lat' dir='ltr'><strong>1n</strong></span> <span class='ocrx_word' id='word_1_46' title='bbox 1007 2033 1057 2126; x_wconf 86' lang='lat' dir='ltr'><strong>his</strong></span> <span class='ocrx_word' id='word_1_47' title='bbox 1080 2057 1224 2144; x_wconf 80' lang='lat' dir='ltr'><strong>&#39;scriptis</strong></span> <span class='ocrx_word' id='word_1_48' title='bbox 1227 2081 1335 2128; x_wconf 91' lang='lat' dir='ltr'><strong>recen-</strong></span> 
     </span>
     <span class='ocr_line' id='line_1_6' title="bbox 190 2165 1335 2272; baseline -0.001 -25"><span class='ocrx_word' id='word_1_49' title='bbox 190 2180 298 2247; x_wconf 90' lang='lat' dir='ltr'><strong>sendis</strong></span> <span class='ocrx_word' id='word_1_50' title='bbox 327 2199 347 2246; x_wconf 90' lang='lat' dir='ltr'><strong>a</strong></span> <span class='ocrx_word' id='word_1_51' title='bbox 375 2178 474 2265; x_wconf 90' lang='lat' dir='ltr'><strong>patris</strong></span> <span class='ocrx_word' id='word_1_52' title='bbox 509 2174 667 2256; x_wconf 88' lang='lat' dir='ltr'><strong>sententia</strong></span> <span class='ocrx_word' id='word_1_53' title='bbox 703 2165 931 2272; x_wconf 77' lang='lat' dir='ltr'><strong>recedendum</strong></span> <span class='ocrx_word' id='word_1_54' title='bbox 946 2198 1016 2247; x_wconf 87' lang='grc' dir='ltr'>ιιιι</span> <span class='ocrx_word' id='word_1_55' title='bbox 1048 2177 1224 2263; x_wconf 76' lang='lat' dir='ltr'><strong>rideretur,</strong></span> <span class='ocrx_word' id='word_1_56' title='bbox 1254 2179 1335 2256; x_wconf 94' lang='lat' dir='ltr'><strong>nihil</strong></span> 
     </span>
     <span class='ocr_line' id='line_1_7' title="bbox 188 2294 1335 2406; baseline -0.001 -40"><span class='ocrx_word' id='word_1_57' title='bbox 188 2306 297 2366; x_wconf 90' lang='lat' dir='ltr'><strong>tamen</strong></span> <span class='ocrx_word' id='word_1_58' title='bbox 326 2319 435 2366; x_wconf 92' lang='lat' dir='ltr'><strong>eorum</strong></span> <span class='ocrx_word' id='word_1_59' title='bbox 464 2318 553 2381; x_wconf 89' lang='lat' dir='ltr'><strong>quae</strong></span> <span class='ocrx_word' id='word_1_60' title='bbox 576 2298 632 2364; x_wconf 93' lang='lat' dir='ltr'><strong>ille</strong></span> <span class='ocrx_word' id='word_1_61' title='bbox 662 2296 847 2365; x_wconf 85' lang='lat' dir='ltr'><strong>coniecerat</strong></span> <span class='ocrx_word' id='word_1_62' title='bbox 874 2303 928 2406; x_wconf 85' lang='lat' dir='ltr'><strong>aut</strong></span> <span class='ocrx_word' id='word_1_63' title='bbox 959 2294 1165 2364; x_wconf 78' lang='lat' dir='ltr'><strong>innotescere</strong></span> <span class='ocrx_word' id='word_1_64' title='bbox 1187 2299 1335 2365; x_wconf 88' lang='lat' dir='ltr'><strong>voluerat</strong></span> 
     </span>
     <span class='ocr_line' id='line_1_8' title="bbox 189 2417 1009 2501; baseline -0.002 -16"><span class='ocrx_word' id='word_1_65' title='bbox 189 2417 476 2485; x_wconf 88' lang='lat' dir='ltr'><strong>omittendumt</strong></span> <span class='ocrx_word' id='word_1_66' title='bbox 418 2423 476 2501; x_wconf 87' lang='lat' dir='ltr'><strong>put</strong></span> <span class='ocrx_word' id='word_1_67' title='bbox 477 2437 573 2484; x_wconf 92' lang='lat' dir='ltr'><strong>arem.</strong></span> <span class='ocrx_word' id='word_1_68' title='bbox 1007 2488 1009 2493; x_wconf 65' lang='grc'><strong>,</strong></span> 
     </span>
    </p>

    <p class='ocr_par' dir='ltr' id='par_1_2' title="bbox 182 2495 1334 4045">
     <span class='ocr_line' id='line_1_9' title="bbox 272 2495 1334 2622; baseline -0.001 -22"><span class='ocrx_word' id='word_1_69' title='bbox 272 2536 439 2604; x_wconf 91' lang='lat' dir='ltr'><strong>Librorum</strong></span> <span class='ocrx_word' id='word_1_70' title='bbox 461 2536 767 2620; x_wconf 89' lang='lat' dir='ltr'><strong>manuscriptorum</strong></span> <span class='ocrx_word' id='word_1_71' title='bbox 793 2540 981 2622; x_wconf 89' lang='lat' dir='ltr'><strong>apparatum</strong></span> <span class='ocrx_word' id='word_1_72' title='bbox 1010 2495 1161 2599; x_wconf 89' lang='lat' dir='ltr'><strong>criticum</strong></span> <span class='ocrx_word' id='word_1_73' title='bbox 1177 2533 1224 2599; x_wconf 89' lang='lat' dir='ltr'><strong>ita</strong></span> <span class='ocrx_word' id='word_1_74' title='bbox 1251 2539 1286 2599; x_wconf 87' lang='lat' dir='ltr'><strong>ut</strong></span> <span class='ocrx_word' id='word_1_75' title='bbox 1313 2553 1334 2599; x_wconf 90' lang='lat' dir='ltr'><strong>a</strong></span> 
     </span>
     <span class='ocr_line' id='line_1_10' title="bbox 187 2651 1329 2738; baseline 0 -19"><span class='ocrx_word' id='word_1_76' title='bbox 187 2659 279 2737; x_wconf 91' lang='lat' dir='ltr'><strong>patre</strong></span> <span class='ocrx_word' id='word_1_77' title='bbox 301 2656 462 2722; x_wconf 86' lang='lat' dir='ltr'><strong>confectus</strong></span> <span class='ocrx_word' id='word_1_78' title='bbox 485 2655 585 2722; x_wconf 91' lang='lat' dir='ltr'><strong>crat</strong></span> <span class='ocrx_word' id='word_1_79' title='bbox 576 2676 609 2720; x_wconf 93' lang='grc' dir='ltr'><strong>ιιι</strong></span> <span class='ocrx_word' id='word_1_80' title='bbox 632 2654 803 2725; x_wconf 86' lang='lat' dir='ltr'><strong>editionem</strong></span> <span class='ocrx_word' id='word_1_81' title='bbox 825 2655 941 2738; x_wconf 87' lang='lat' dir='ltr'><strong>recepi,</strong></span> <span class='ocrx_word' id='word_1_82' title='bbox 964 2652 1024 2719; x_wconf 90' lang='lat' dir='ltr'><strong>nisi</strong></span> <span class='ocrx_word' id='word_1_83' title='bbox 1048 2651 1133 2735; x_wconf 89' lang='lat' dir='ltr'><strong>quod</strong></span> <span class='ocrx_word' id='word_1_84' title='bbox 1155 2673 1196 2719; x_wconf 86' lang='lat' dir='ltr'><strong>cx</strong></span> <span class='ocrx_word' id='word_1_85' title='bbox 1218 2653 1329 2719; x_wconf 89' lang='lat' dir='ltr'><strong>codice</strong></span> 
     </span>
     <span class='ocr_line' id='line_1_11' title="bbox 187 2772 1330 2861; baseline 0.001 -23"><span class='ocrx_word' id='word_1_86' title='bbox 187 2773 371 2840; x_wconf 84' lang='lat' dir='ltr'><strong>Florentino</strong></span> <span class='ocrx_word' id='word_1_87' title='bbox 401 2793 456 2842; x_wconf 88' lang='grc' dir='ltr'><strong>ιιι</strong></span> <span class='ocrx_word' id='word_1_88' title='bbox 484 2774 636 2842; x_wconf 91' lang='lat' dir='ltr'><strong>lectiones</strong></span> <span class='ocrx_word' id='word_1_89' title='bbox 664 2775 810 2861; x_wconf 87' lang='lat' dir='ltr'><strong>supplevi</strong></span> <span class='ocrx_word' id='word_1_90' title='bbox 841 2793 923 2857; x_wconf 87' lang='lat' dir='ltr'><strong>quae</strong></span> <span class='ocrx_word' id='word_1_91' title='bbox 955 2779 1028 2857; x_wconf 90' lang='lat' dir='ltr'><strong>post</strong></span> <span class='ocrx_word' id='word_1_92' title='bbox 1060 2772 1330 2839; x_wconf 86' lang='lat' dir='ltr'><strong>accuratissimam</strong></span> 
     </span>
     <span class='ocr_line' id='line_1_12' title="bbox 186 2891 1331 2978; baseline -0.002 -19"><span class='ocrx_word' id='word_1_93' title='bbox 186 2892 389 2960; x_wconf 90' lang='lat' dir='ltr'><strong>collationem</strong></span> <span class='ocrx_word' id='word_1_94' title='bbox 412 2892 577 2960; x_wconf 91' lang='lat' dir='ltr'><strong>Henrici</strong></span> <span class='ocrx_word' id='word_1_95' title='bbox 599 2893 712 2976; x_wconf 88' lang='lat' dir='ltr'><strong>Keil,</strong></span> <span class='ocrx_word' id='word_1_96' title='bbox 742 2895 809 2961; x_wconf 87' lang='lat' dir='ltr'><strong>eius</strong></span> <span class='ocrx_word' id='word_1_97' title='bbox 831 2893 878 2961; x_wconf 93' lang='lat' dir='ltr'><strong>rei</strong></span> <span class='ocrx_word' id='word_1_98' title='bbox 899 2891 1099 2978; x_wconf 91' lang='lat' dir='ltr'><strong>peritissimi,</strong></span> <span class='ocrx_word' id='word_1_99' title='bbox 1129 2896 1331 2959; x_wconf 89' lang='lat' dir='ltr'><strong>accesserunt</strong></span> 
     </span>
     <span class='ocr_line' id='line_1_13' title="bbox 185 3008 1328 3098; baseline -0.003 -19"><span class='ocrx_word' id='word_1_100' title='bbox 185 3012 325 3080; x_wconf 87' lang='lat' dir='ltr'><strong>Adolfi</strong></span> <span class='ocrx_word' id='word_1_101' title='bbox 356 3012 481 3080; x_wconf 81' lang='lat' dir='ltr'><strong>(iroth</strong></span> <span class='ocrx_word' id='word_1_102' title='bbox 511 3032 624 3098; x_wconf 92' lang='lat' dir='ltr'><strong>opera,</strong></span> <span class='ocrx_word' id='word_1_103' title='bbox 655 3013 709 3095; x_wconf 94' lang='lat' dir='ltr'><strong>qui</strong></span> <span class='ocrx_word' id='word_1_104' title='bbox 731 3018 763 3080; x_wconf 87' lang='lat' dir='ltr'><strong>et</strong></span> <span class='ocrx_word' id='word_1_105' title='bbox 784 3013 817 3079; x_wconf 92' lang='lat' dir='ltr'><strong>in</strong></span> <span class='ocrx_word' id='word_1_106' title='bbox 839 3009 1047 3079; x_wconf 88' lang='lat' dir='ltr'><strong>emendandis</strong></span> <span class='ocrx_word' id='word_1_107' title='bbox 1076 3008 1126 3076; x_wconf 93' lang='lat' dir='ltr'><strong>his</strong></span> <span class='ocrx_word' id='word_1_108' title='bbox 1155 3009 1245 3076; x_wconf 89' lang='lat' dir='ltr'><strong>libris</strong></span> <span class='ocrx_word' id='word_1_109' title='bbox 1271 3010 1328 3079; x_wconf 91' lang='lat' dir='ltr'><strong>ali-</strong></span> 
     </span>
     <span class='ocr_line' id='line_1_14' title="bbox 186 3112 1328 3215; baseline -0.002 -19"><span class='ocrx_word' id='word_1_110' title='bbox 186 3138 338 3213; x_wconf 90' lang='lat' dir='ltr'><strong>quantum</strong></span> <span class='ocrx_word' id='word_1_111' title='bbox 359 3131 494 3215; x_wconf 89' lang='lat' dir='ltr'><strong>profecit</strong></span> <span class='ocrx_word' id='word_1_112' title='bbox 509 3139 542 3198; x_wconf 89' lang='grc' dir='ltr'><strong>ιι</strong></span> <span class='ocrx_word' id='word_1_113' title='bbox 556 3137 655 3199; x_wconf 88' lang='lat' dir='ltr'><strong>totam</strong></span> <span class='ocrx_word' id='word_1_114' title='bbox 677 3112 795 3199; x_wconf 87' lang='lat' dir='ltr'><strong>codicis</strong></span> <span class='ocrx_word' id='word_1_115' title='bbox 817 3130 993 3198; x_wconf 85' lang='lat' dir='ltr'><strong>Florentini</strong></span> <span class='ocrx_word' id='word_1_116' title='bbox 1015 3130 1202 3215; x_wconf 88' lang='lat' dir='ltr'><strong>scripturam</strong></span> <span class='ocrx_word' id='word_1_117' title='bbox 1224 3129 1328 3213; x_wconf 91' lang='lat' dir='ltr'><strong>publi·</strong></span> 
     </span>
     <span class='ocr_line' id='line_1_15' title="bbox 186 3247 1328 3336; baseline -0.001 -21"><span class='ocrx_word' id='word_1_118' title='bbox 186 3249 320 3336; x_wconf 83' lang='lat' dir='ltr'><strong>cavit.*)</strong></span> <span class='ocrx_word' id='word_1_119' title='bbox 364 3248 426 3332; x_wconf 78' lang='lat' dir='ltr'><strong>Qui</strong></span> <span class='ocrx_word' id='word_1_120' title='bbox 447 3250 509 3317; x_wconf 86' lang='lat' dir='ltr'><strong>viri</strong></span> <span class='ocrx_word' id='word_1_121' title='bbox 530 3247 706 3318; x_wconf 91' lang='lat' dir='ltr'><strong>doctissimi</strong></span> <span class='ocrx_word' id='word_1_122' title='bbox 727 3250 906 3332; x_wconf 91' lang='lat' dir='ltr'><strong>ubicunque</strong></span> <span class='ocrx_word' id='word_1_123' title='bbox 927 3249 1010 3315; x_wconf 90' lang='lat' dir='ltr'><strong>inter</strong></span> <span class='ocrx_word' id='word_1_124' title='bbox 1031 3267 1066 3315; x_wconf 91' lang='lat' dir='ltr'><strong>se</strong></span> <span class='ocrx_word' id='word_1_125' title='bbox 1089 3247 1328 3331; x_wconf 88' lang='lat' dir='ltr'><strong>dissentiebant,</strong></span> 
     </span>
     <span class='ocr_line' id='line_1_16' title="bbox 188 3366 1328 3454; baseline -0.004 -19"><span class='ocrx_word' id='word_1_126' title='bbox 188 3387 379 3450; x_wconf 90' lang='lat' dir='ltr'><strong>quamquam</strong></span> <span class='ocrx_word' id='word_1_127' title='bbox 401 3368 536 3454; x_wconf 83' lang='lat' dir='ltr'><strong>adipso</strong></span> <span class='ocrx_word' id='word_1_128' title='bbox 558 3369 721 3454; x_wconf 90' lang='lat' dir='ltr'><strong>scriptoris</strong></span> <span class='ocrx_word' id='word_1_129' title='bbox 742 3368 842 3435; x_wconf 91' lang='lat' dir='ltr'><strong>verba</strong></span> <span class='ocrx_word' id='word_1_130' title='bbox 864 3366 1085 3435; x_wconf 88' lang='lat' dir='ltr'><strong>constituenda</strong></span> <span class='ocrx_word' id='word_1_131' title='bbox 1105 3366 1266 3433; x_wconf 89' lang='lat' dir='ltr'><strong>rarissime</strong></span> <span class='ocrx_word' id='word_1_132' title='bbox 1289 3384 1328 3433; x_wconf 87' lang='lat' dir='ltr'><strong>ea</strong></span> 
     </span>
     <span class='ocr_line' id='line_1_17' title="bbox 186 3484 1325 3573; baseline -0.001 -21"><span class='ocrx_word' id='word_1_133' title='bbox 186 3485 343 3554; x_wconf 90' lang='lat' dir='ltr'><strong>dissensio</strong></span> <span class='ocrx_word' id='word_1_134' title='bbox 371 3488 567 3573; x_wconf 89' lang='lat' dir='ltr'><strong>pertinebat,</strong></span> <span class='ocrx_word' id='word_1_135' title='bbox 600 3494 707 3555; x_wconf 90' lang='lat' dir='ltr'><strong>tamen</strong></span> <span class='ocrx_word' id='word_1_136' title='bbox 734 3492 847 3554; x_wconf 87' lang='lat' dir='ltr'><strong>neutra</strong></span> <span class='ocrx_word' id='word_1_137' title='bbox 868 3487 962 3554; x_wconf 89' lang='lat' dir='ltr'><strong>lectio</strong></span> <span class='ocrx_word' id='word_1_138' title='bbox 985 3486 1064 3551; x_wconf 91' lang='lat' dir='ltr'><strong>mihi</strong></span> <span class='ocrx_word' id='word_1_139' title='bbox 1085 3484 1253 3552; x_wconf 86' lang='lat' dir='ltr'><strong>videbatur</strong></span> <span class='ocrx_word' id='word_1_140' title='bbox 1275 3504 1325 3551; x_wconf 91' lang='lat' dir='ltr'><strong>ce·</strong></span> 
     </span>
     <span class='ocr_line' id='line_1_18' title="bbox 183 3602 1323 3691; baseline -0.001 -21"><span class='ocrx_word' id='word_1_141' title='bbox 183 3605 283 3671; x_wconf 90' lang='lat' dir='ltr'><strong>landa</strong></span> <span class='ocrx_word' id='word_1_142' title='bbox 305 3625 374 3673; x_wconf 91' lang='lat' dir='ltr'><strong>csse</strong></span> <span class='ocrx_word' id='word_1_143' title='bbox 395 3606 546 3691; x_wconf 86' lang='lat' dir='ltr'><strong>legentes.</strong></span> <span class='ocrx_word' id='word_1_144' title='bbox 591 3607 681 3675; x_wconf 90' lang='lat' dir='ltr'><strong>Unus</strong></span> <span class='ocrx_word' id='word_1_145' title='bbox 704 3612 771 3673; x_wconf 87' lang='lat' dir='ltr'><strong>crat</strong></span> <span class='ocrx_word' id='word_1_146' title='bbox 793 3608 882 3673; x_wconf 89' lang='lat' dir='ltr'><strong>locus</strong></span> <span class='ocrx_word' id='word_1_147' title='bbox 904 3605 945 3674; x_wconf 91' lang='lat' dir='ltr'><strong>dc</strong></span> <span class='ocrx_word' id='word_1_148' title='bbox 967 3625 1029 3689; x_wconf 95' lang='lat' dir='ltr'><strong>quo</strong></span> <span class='ocrx_word' id='word_1_149' title='bbox 1055 3604 1168 3670; x_wconf 91' lang='lat' dir='ltr'><strong>mirum</strong></span> <span class='ocrx_word' id='word_1_150' title='bbox 1196 3602 1229 3668; x_wconf 93' lang='lat' dir='ltr'><strong>in</strong></span> <span class='ocrx_word' id='word_1_151' title='bbox 1259 3624 1323 3669; x_wconf 95' lang='lat' dir='ltr'><strong>mo-</strong></span> 
     </span>
     <span class='ocr_line' id='line_1_19' title="bbox 184 3722 1326 3810; baseline 0.001 -21"><span class='ocrx_word' id='word_1_152' title='bbox 184 3722 260 3791; x_wconf 90' lang='lat' dir='ltr'><strong>dum</strong></span> <span class='ocrx_word' id='word_1_153' title='bbox 288 3724 444 3791; x_wconf 89' lang='lat' dir='ltr'><strong>contraria</strong></span> <span class='ocrx_word' id='word_1_154' title='bbox 471 3722 690 3810; x_wconf 87' lang='lat' dir='ltr'><strong>proferebant,</strong></span> <span class='ocrx_word' id='word_1_155' title='bbox 728 3724 812 3810; x_wconf 91' lang='lat' dir='ltr'><strong>quod</strong></span> <span class='ocrx_word' id='word_1_156' title='bbox 846 3745 917 3791; x_wconf 90' lang='lat' dir='ltr'><strong>cum</strong></span> <span class='ocrx_word' id='word_1_157' title='bbox 950 3725 1019 3809; x_wconf 90' lang='lat' dir='ltr'><strong>ipse</strong></span> <span class='ocrx_word' id='word_1_158' title='bbox 1051 3722 1230 3805; x_wconf 90' lang='lat' dir='ltr'><strong>disceptare</strong></span> <span class='ocrx_word' id='word_1_159' title='bbox 1262 3743 1326 3790; x_wconf 94' lang='lat' dir='ltr'><strong>non</strong></span> 
     </span>
     <span class='ocr_line' id='line_1_20' title="bbox 182 3842 1324 3927; baseline -0.001 -19"><span class='ocrx_word' id='word_1_160' title='bbox 182 3842 356 3927; x_wconf 91' lang='lat' dir='ltr'><strong>potuissem</strong></span> <span class='ocrx_word' id='word_1_161' title='bbox 385 3879 426 3889; x_wconf 92' lang='lat'>—</span> <span class='ocrx_word' id='word_1_162' title='bbox 457 3863 516 3926; x_wconf 84' lang='lat' dir='ltr'><strong>ego</strong></span> <span class='ocrx_word' id='word_1_163' title='bbox 545 3843 628 3911; x_wconf 89' lang='lat' dir='ltr'><strong>enim</strong></span> <span class='ocrx_word' id='word_1_164' title='bbox 658 3851 752 3910; x_wconf 88' lang='lat' dir='ltr'><strong>ante</strong></span> <span class='ocrx_word' id='word_1_165' title='bbox 779 3843 893 3912; x_wconf 79' lang='lat' dir='ltr'><strong>Grothi</strong></span> <span class='ocrx_word' id='word_1_166' title='bbox 922 3842 1125 3911; x_wconf 90' lang='lat' dir='ltr'><strong>collationem</strong></span> <span class='ocrx_word' id='word_1_167' title='bbox 1154 3860 1208 3908; x_wconf 87' lang='lat' dir='ltr'><strong>eos</strong></span> <span class='ocrx_word' id='word_1_168' title='bbox 1236 3843 1324 3909; x_wconf 90' lang='lat' dir='ltr'><strong>locos</strong></span> 
     </span>
     <span class='ocr_line' id='line_1_21' title="bbox 182 3958 1323 4045; baseline 0 -21"><span class='ocrx_word' id='word_1_169' title='bbox 182 3959 384 4045; x_wconf 68' lang='lat' dir='ltr'><strong>inspexerant</strong></span> <span class='ocrx_word' id='word_1_170' title='bbox 413 3961 453 4026; x_wconf 92' lang='lat' dir='ltr'><strong>dc</strong></span> <span class='ocrx_word' id='word_1_171' title='bbox 482 3961 597 4043; x_wconf 93' lang='lat' dir='ltr'><strong>quibus</strong></span> <span class='ocrx_word' id='word_1_172' title='bbox 625 3962 752 4029; x_wconf 89' lang='lat' dir='ltr'><strong>diversa</strong></span> <span class='ocrx_word' id='word_1_173' title='bbox 782 3962 891 4030; x_wconf 86' lang='lat' dir='ltr'><strong>testati</strong></span> <span class='ocrx_word' id='word_1_174' title='bbox 921 3965 1010 4029; x_wconf 89' lang='lat' dir='ltr'><strong>erant</strong></span> <span class='ocrx_word' id='word_1_175' title='bbox 1038 3961 1074 4026; x_wconf 90' lang='lat' dir='ltr'><strong>P.</strong></span> <span class='ocrx_word' id='word_1_176' title='bbox 1103 3958 1261 4028; x_wconf 92' lang='lat' dir='ltr'><strong>Victorius</strong></span> <span class='ocrx_word' id='word_1_177' title='bbox 1291 3966 1323 4026; x_wconf 86' lang='lat' dir='ltr'><strong>et</strong></span> 
     </span>
    </p>
   </div>
   <div class='ocr_carea' id='block_1_2' title="bbox 184 4099 1320 4109">
    <p class='ocr_par' dir='ltr' id='par_1_3' title="bbox 184 4099 1320 4109">
     <span class='ocr_line' id='line_1_22' title="bbox 184 4099 1320 4109; baseline -0.004 2"><span class='ocrx_word' id='word_1_178' title='bbox 184 4099 214 4107; x_wconf 69' lang='grc'><strong>.-</strong></span> <span class='ocrx_word' id='word_1_179' title='bbox 554 4103 819 4109; x_wconf 82' lang='lat'>--—-—.—-</span> <span class='ocrx_word' id='word_1_180' title='bbox 829 4103 850 4108; x_wconf 85' lang='lat'>—</span> <span class='ocrx_word' id='word_1_181' title='bbox 860 4103 882 4107; x_wconf 91' lang='lat'><strong>..-</strong></span> <span class='ocrx_word' id='word_1_182' title='bbox 892 4102 940 4107; x_wconf 84' lang='grc'><strong>---</strong></span> <span class='ocrx_word' id='word_1_183' title='bbox 954 4101 979 4106; x_wconf 84' lang='lat'><strong>--</strong></span> <span class='ocrx_word' id='word_1_184' title='bbox 988 4101 1037 4106; x_wconf 58' lang='grc'><em>...-</em></span> <span class='ocrx_word' id='word_1_185' title='bbox 1045 4101 1157 4106; x_wconf 79' lang='lat'><em>--—..</em></span> <span class='ocrx_word' id='word_1_186' title='bbox 1178 4099 1320 4106; x_wconf 74' lang='lat'><em>.-.-—.-——-</em></span> 
     </span>
    </p>
   </div>
   <div class='ocr_carea' id='block_1_3' title="bbox 181 4180 1320 4337">
    <p class='ocr_par' dir='ltr' id='par_1_4' title="bbox 181 4180 1320 4337">
     <span class='ocr_line' id='line_1_23' title="bbox 250 4180 1320 4250; baseline -0.003 -14"><span class='ocrx_word' id='word_1_187' title='bbox 250 4183 275 4243; x_wconf 83' lang='grc' dir='ltr'><strong>*ι</strong></span> <span class='ocrx_word' id='word_1_188' title='bbox 293 4181 335 4238; x_wconf 87' lang='lat' dir='ltr'><strong>De</strong></span> <span class='ocrx_word' id='word_1_189' title='bbox 344 4181 383 4237; x_wconf 89' lang='lat' dir='ltr'><strong>M.</strong></span> <span class='ocrx_word' id='word_1_190' title='bbox 397 4180 510 4236; x_wconf 85' lang='lat' dir='ltr'><strong>Terenti</strong></span> <span class='ocrx_word' id='word_1_191' title='bbox 521 4181 653 4238; x_wconf 79' lang='lat' dir='ltr'><strong>Varronis</strong></span> <span class='ocrx_word' id='word_1_192' title='bbox 665 4183 699 4237; x_wconf 90' lang='lat' dir='ltr'><strong>de</strong></span> <span class='ocrx_word' id='word_1_193' title='bbox 710 4182 729 4239; x_wconf 87' lang='lat' dir='ltr'><strong>l.</strong></span> <span class='ocrx_word' id='word_1_194' title='bbox 741 4183 760 4235; x_wconf 93' lang='lat' dir='ltr'><strong>l.</strong></span> <span class='ocrx_word' id='word_1_195' title='bbox 778 4181 908 4237; x_wconf 88' lang='lat' dir='ltr'><strong>librorum</strong></span> <span class='ocrx_word' id='word_1_196' title='bbox 921 4180 1015 4236; x_wconf 87' lang='lat' dir='ltr'><strong>codice</strong></span> <span class='ocrx_word' id='word_1_197' title='bbox 1027 4180 1194 4250; x_wconf 87' lang='lat' dir='ltr'><strong>Florentino,</strong></span> <span class='ocrx_word' id='word_1_198' title='bbox 1212 4180 1320 4235; x_wconf 87' lang='lat' dir='ltr'><strong>dissert.</strong></span> 
     </span>
     <span class='ocr_line' id='line_1_24' title="bbox 181 4264 796 4337; baseline -0.003 -19"><span class='ocrx_word' id='word_1_199' title='bbox 181 4264 276 4336; x_wconf 86' lang='lat' dir='ltr'><strong>philol.</strong></span> <span class='ocrx_word' id='word_1_200' title='bbox 295 4267 467 4337; x_wconf 80' lang='lat' dir='ltr'><strong>Argentorst.</strong></span> <span class='ocrx_word' id='word_1_201' title='bbox 486 4269 550 4322; x_wconf 90' lang='lat' dir='ltr'><strong>tom.</strong></span> <span class='ocrx_word' id='word_1_202' title='bbox 568 4265 607 4320; x_wconf 89' lang='lat' dir='ltr'><strong>IV</strong></span> <span class='ocrx_word' id='word_1_203' title='bbox 623 4281 650 4333; x_wconf 89' lang='lat' dir='ltr'><strong>p.</strong></span> <span class='ocrx_word' id='word_1_204' title='bbox 671 4266 796 4319; x_wconf 85' lang='grc'>81-146.</span> 
     </span>
    </p>
   </div>
   <div class='ocr_carea' id='block_1_4' title="bbox 0 0 1524 5048">
    <p class='ocr_par' dir='ltr' id='par_1_5' title="bbox 0 0 1524 5048">
     <span class='ocr_line' id='line_1_25' title="bbox 0 0 1524 5048; baseline 0 5"><span class='ocrx_word' id='word_1_205' title='bbox 0 0 1524 5048; x_wconf 95' lang='lat' dir='ltr'><strong> </strong></span> 
     </span>
    </p>
   </div>
  </div>
 </body>
</html>
