3038 5048
285 299 347 359 214
637 300 751 357 LIBER
767 301 897 359 NONUS.
933 304 1079 372 §es-eo.

179 471 201 553 ξ
223 472 263 536 58
286 480 368 541 sunt.
427 471 533 552 Quare
561 473 595 542 in
624 473 740 557 quibus
768 475 865 543 rebus
886 495 951 542 non
972 475 1082 543 subest
1103 474 1222 544 similis
1245 483 1373 545 natura
1394 485 1448 547 aut

285 594 376 659 usus,
409 574 443 642 in
472 573 523 642 his
550 574 716 643 venabulis
746 575 967 644 huiuscemodi
992 578 1074 645 ratio
1097 577 1211 660 quaeri
1232 599 1306 646 non
1329 578 1445 666 debet;

285 698 361 762 ergo
384 676 499 744 dieitur
520 684 556 744 ut
577 677 699 745 Surdus
721 677 785 762 vir,
820 677 925 746 Surda
947 678 1075 764 mulier,
1107 678 1155 745 sio
1177 679 1328 749 Surdum
1353 683 1443 751 thea-

131 787 384 864 tri-tasnatum,
410 778 497 862 quod
519 800 631 848 omnes
652 787 718 848 tres
739 780 783 847 ad
804 780 952 874 auditum
969 787 1043 848 sunt
1065 786 1292 868 eomparatae;
1329 791 1443 853 eontra

284 902 379 950 nemo
401 881 480 950 dioit
495 881 675 950 cubiculum
690 882 839 966 Surdum,
861 880 904 950 ad
926 882 1096 966 silentium,
1118 901 1182 950 non
1203 884 1249 951 au
1274 887 1474 971 auditumst

282 992 317 1053 at
346 985 374 1053 si
402 987 574 1052 fenestram
602 1005 665 1051 non
693 983 807 1069 habet,
846 983 962 1051 dieitur
988 983 1144 1070 Coenum,
1184 991 1219 1052 ut
1248 986 1386 1056 anous
1415 999 1445 1057 et

179 1085 199 1164 ξ
221 1085 261 1148 59
284 1087 405 1170 Caena,
439 1085 525 1169 quod
553 1086 660 1154 omnia
690 1081 828 1172 [habeut]
859 1086 966 1153 lumen
990 1083 1111 1153 habere
1133 1085 1264 1154 debent.
1312 1090 1391 1158 Mas
1414 1099 1446 1158 et

282 1188 402 1257 femina
429 1187 550 1255 habent
578 1187 660 1254 inter
687 1207 723 1255 ae
751 1191 866 1255 natura
894 1186 1055 1273 quandam
1076 1187 1283 1275 societatem,
1308 1186 1444 1277 [uallum

282 1287 473 1378 societates]
495 1294 611 1357 neutra
632 1309 703 1356 oum
726 1288 792 1375 his,
815 1289 902 1374 quod
924 1295 997 1355 sunt
1019 1287 1161 1373 diversa3
1187 1289 1275 1359 inter
1298 1312 1336 1360 se
1364 1313 1443 1378 quo

285 1413 347 1476 que
369 1392 410 1461 de
432 1393 482 1459 his
504 1410 665 1476 perpauca
686 1399 759 1458 sunt
781 1410 865 1473 quae
895 1391 1036 1458 habeant
1063 1390 1225 1474 quandam
1256 1397 1443 1465 oommuui-
1465 1413 1489 1465 to

283 1500 392 1562 tatem.
436 1495 499 1560 Dei
521 1498 553 1561 et
575 1491 671 1576 servi,
693 1492 822 1560 nomina
845 1491 931 1575 quod
953 1512 1016 1561 non
1038 1493 1116 1559 item
1138 1498 1174 1562 ut
1193 1493 1304 1563 libera
1325 1503 1445 1566 nostra

283 1601 457 1681 transeunt,
481 1594 604 1677 eadem,
628 1601 660 1661 et
682 1613 789 1678 oausa,
813 1593 900 1677 quod
921 1594 964 1662 ad
984 1614 1077 1663 usum
1099 1594 1213 1662 attinet
1233 1593 1292 1681 [ot]
1312 1598 1444 1667 institui

284 1718 365 1783 opus
387 1698 446 1764 fuit
468 1698 509 1764 de
531 1696 650 1780 liberis,
673 1694 714 1760 de
736 1696 868 1778 reliquis
890 1697 970 1762 nihil
993 1697 1137 1782 attinuit,
1161 1696 1248 1780 quod
1271 1699 1309 1766 in
1332 1703 1443 1770 servis

282 1799 446 1882 gentilicia
468 1804 583 1865 natura
604 1819 667 1864 nou
689 1798 801 1865 subest
822 1798 855 1866 in
877 1817 954 1883 usn,
976 1797 1009 1864 in
1030 1798 1147 1866 nostris
1168 1799 1359 1869 nominibus
1385 1805 1443 1887 qui

284 1919 393 1966 sumus
415 1901 556 1968 inlatio
579 1907 612 1969 et
632 1900 735 1984 liberi,
757 1900 948 1967 necessaria.
991 1901 1105 1983 Itaque
1126 1899 1173 1966 ibi
1194 1910 1336 1986 apparet
1358 1925 1441 1974 ana·
1463 1923 1488 1975 te

282 2001 369 2085 logia
397 2022 436 2068 ae
464 2002 578 2070 dieitur
599 2003 769 2070 Terentius
795 2003 859 2086 vir,
893 2003 1045 2069 Terentia
1066 2002 1209 2089 femina,
1241 2004 1441 2077 Terentium

178 2102 198 2182 ξ
221 2105 260 2166 60
282 2124 393 2189 genus.
428 2108 467 2173 In
488 2105 748 2191 praenominibus
769 2102 843 2172 ideo
865 2124 929 2171 non
950 2102 986 2170 fit
1006 2104 1099 2188 item,
1126 2101 1212 2189 quod
1234 2103 1321 2174 haeo
1342 2109 1440 2178 insti-

130 2213 352 2274 tuentur-utute
373 2208 415 2275 ad
437 2229 529 2276 usum
551 2208 735 2294 singularia,
761 2207 877 2289 quibus
900 2203 1154 2272 discernerentur
1175 2207 1307 2276 nomina
1329 2212 1440 2294 genti·

279 2310 371 2395 lioia,
404 2316 438 2378 ut
466 2310 507 2377 ab
536 2330 667 2377 numero
698 2307 863 2392 Secunda,
896 2308 1021 2391 Tertia,
1056 2306 1192 2394 Quarta,
1224 2310 1259 2376 in
1286 2310 1372 2378 viris
1402 2321 1441 2382 ut

364 2567 379 2616 2
397 2560 549 2617 ‘vocabulis
566 2563 635 2633 fort.
654 2562 706 2616 del.
724 2561 767 2616 ool
782 2561 862 2615 scrib.
881 2557 990 2616 harum'
1009 2560 1081 2631 LSp.
1099 2591 1134 2600 —
1151 2561 1228 2629 queri
1246 2561 1278 2616 F.
1298 2593 1335 2604 -
1353 2569 1371 2620 3
1391 2568 1437 2622 di.

279 2646 358 2712 citur]
376 2647 459 2716 igitur
478 2647 528 2702 Ga
546 2647 690 2714 Laetus,
717 2662 768 2700 om.
787 2645 826 2699 M.
854 2675 888 2685 -
915 2649 1013 2710 itres]
1031 2661 1076 2700 res
1094 2646 1284 2716 Bentinus‚
1311 2649 1367 2704 hae
1386 2669 1436 2708 res

278 2731 507 2801 Augustinus,
534 2736 590 2787 tres
616 2748 659 2787 res
688 2731 817 2786 Muller.
844 2761 878 2770 -
905 2731 1051 2785 isurdum
1074 2731 1147 2799 quod
1170 2731 1199 2785 id
1223 2731 1260 2787 od
1288 2732 1437 2792 silentium

276 2816 414 2873 Mulier.
433 2848 466 2856 —
482 2823 547 2888 post
564 2817 687 2873 auditum
703 2816 825 2886 forsitan
843 2815 1011 2870 interciderit
1029 2820 1224 2885 comparatum.
1244 2847 1278 2857 -
1297 2821 1314 2871 6
1333 2835 1436 2876 oenum

277 2900 340 2956 Fet
351 2902 392 2956 sio
401 2918 496 2972 porro.
515 2932 549 2940 —
568 2902 706 2966 lhabent]
719 2900 770 2956 dei.
783 2900 918 2956 Mulier.
938 2915 1050 2955 caesum
1068 2902 1142 2969 quod
1157 2916 1215 2956 non
1232 2901 1318 2957 habet
1336 2903 1434 2961 lumen

278 2985 350 3052 quod
373 2986 475 3040 habere
499 2985 580 3042 debet
605 2985 792 3057 Scioppius.
820 3015 854 3026 -
881 2985 1017 3040 8nullam
1040 2984 1208 3050 societatem]
1235 2985 1334 3042 addidi
1359 2989 1435 3047 duos

276 3068 426 3123 Mullero
445 3069 493 3139 qui
511 3070 684 3140 societatem,
712 3074 809 3126 oontra
832 3069 934 3125 nullam
957 3068 1116 3138 plerumque
1140 3071 1243 3126 habent
1266 3071 1433 3130 societatem

277 3158 376 3210 neutra
386 3155 506 3225 scripsit.
524 3151 603 3224 ‘fort
617 3156 784 3223 societatem,
802 3158 901 3210 neutra
920 3169 981 3208 oum
998 3154 1041 3208 his
1059 3170 1115 3210 non
1133 3156 1237 3212 habent
1253 3153 1339 3226 quod'
1353 3157 1430 3232 usp.

275 3268 309 3278 -
336 3245 432 3295 ileum
455 3239 507 3303 his]
535 3255 596 3293 oum
622 3239 664 3294 dis
690 3239 829 3308 Madvig
853 3239 966 3293 Advers.
991 3238 1026 3306 11,
1052 3242 1110 3293 176.
1138 3242 1214 3311 conf.
1237 3241 1300 3312 usp
1324 3243 1428 3301 Philol.

276 3325 345 3378 Anz.
364 3324 389 3380 V
406 3341 434 3394 p.
454 3327 511 3378 587.
532 3324 560 3378 C.
573 3324 606 3377 F.
619 3323 664 3378 W.
676 3325 805 3378 Milller
821 3340 848 3393 p.
863 3327 912 3377 792
925 3340 964 3392 sq.
987 3353 1022 3362 —
1039 3328 1107 3396 post
1124 3325 1232 3381 diversa
1249 3327 1431 3399 interpunxit

276 3410 346 3479 LSp.
373 3424 429 3465 non
449 3413 518 3482 post
543 3407 651 3464 diversa
677 3409 739 3463 adri.
766 3408 852 3478 vulg.
872 3424 909 3462 ex
930 3409 963 3462 B.
990 3423 1046 3463 non
1073 3414 1137 3466 sunt
1161 3411 1269 3466 diversa
1294 3411 1369 3468 inter
1397 3430 1429 3469 se

277 3495 308 3549 Ο.
327 3495 457 3550 Milllsr.
475 3493 599 3549 —inter
616 3497 654 3560 se]
675 3493 734 3549 GH
751 3492 839 3562 vulg.
858 3509 895 3548 eoo
912 3495 944 3563 B,
968 3494 1084 3550 interest
1100 3495 1133 3550 F.
1152 3527 1186 3537 -
1203 3501 1318 3567 quoque]
1337 3501 1428 3568 quod·

276 3595 329 3648 que
346 3579 431 3647 vulg.
451 3596 488 3635 ex
505 3580 536 3634 B.
555 3609 589 3619 —
608 3583 639 3633 to
657 3578 851 3634 comunitatem
869 3578 901 3632 F.
920 3609 954 3617 —
974 3573 1112 3650 ll‘fuoile
1129 3581 1249 3636 conicias
1266 3582 1338 3637 servi
1357 3599 1430 3653 quor

276 3680 332 3727 non
349 3664 414 3721 itam
432 3669 463 3720 ut
479 3664 559 3720 liberi
575 3663 663 3721 nostri
679 3667 835 3733 transeant,
863 3664 1018 3737 eademest
1036 3680 1135 3734 eausa,
1162 3665 1211 3720 sed
1231 3666 1301 3722 ailril
1316 3674 1428 3723 maturr-

274 3750 339 3805 dum
357 3750 471 3816 videtur,
488 3765 523 3803 ue
538 3749 649 3805 nomina
667 3747 775 3820 quidem
792 3754 855 3804 ants
871 3749 959 3805 libera
971 3743 1145 3822 ponendum’
1157 3751 1228 3823 LSp.
1245 3754 1315 3823 fort.
1329 3754 1429 3810 eadem

275 3836 379 3891 habent
396 3834 449 3891 luo
466 3836 580 3890 traiecto
599 3835 646 3890 illo
663 3835 766 3889 habent
783 3850 821 3890 ex
839 3835 910 3903 558.
929 3865 966 3903 -,
982 3839 1013 3889 12
1032 3840 1069 3902 et]
1081 3837 1143 3908 LSp
1162 3837 1226 3892 olim
1244 3837 1359 3905 addidit,
1377 3839 1428 3893 sed

269 3927 371 3987 postea
388 3920 488 3976 attinet
505 3919 610 3976 deleuit.
633 3950 666 3958 —
693 3921 723 3973 13
742 3916 856 3974 attinuit
873 3935 943 3974 corr.
964 3936 1001 3976 ero
1018 3921 1139 3978 adtinuit
1155 3922 1188 3976 F.
1211 3952 1245 3962 —
1268 3927 1300 3976 14
1318 3923 1425 3990 subest]

273 3997 354 4074 ‘fort
372 4005 480 4074 subest,
497 4006 528 4060 in
545 4006 598 4060 diis
615 4020 672 4059 non
689 4004 743 4059 est'
762 4003 840 4074 LSp,
862 4035 895 4042 -
921 4007 1010 4061 nostri
1027 4005 1058 4060 F.
1087 4038 1120 4046 -
1148 4010 1179 4060 16
1197 4006 1427 4072 femina1mulier

277 4087 344 4142 GH.
365 4120 396 4129 -
414 4090 569 4154 terentium]
586 4089 696 4145 tertium
713 4104 812 4158 marg.
831 4089 868 4157 B,
885 4088 1070 4146 Victorius.
1099 4121 1132 4130 -
1160 4095 1189 4145 17
1209 4091 1281 4159 ideo]
1295 4085 1377 4164 ‘sort
1394 4093 1426 4148 id

274 4164 350 4228 ideo'
369 4174 439 4245 LSp.
468 4206 500 4216 -
529 4180 560 4230 19
577 4178 699 4239 numero]
722 4189 834 4230 numero
857 4174 945 4244 prima
968 4175 1054 4245 vulg.
1074 4190 1111 4243 aa
1127 4175 1159 4227 B.
1186 4171 1288 4232 ‘malr'm
1310 4194 1424 4235 numero

272 4254 302 4309 in
319 4253 492 4314 mulieribus'
509 4259 579 4329 LSp.
