3038 5048
266 303 327 362 110
615 304 728 359 LIBER
745 304 894 360 SEXTUS.
929 306 1072 370 §aa-95.

264 475 416 558 scriptum
439 483 503 559 est,
527 476 585 543 sed
607 476 651 543 ad
674 477 892 546 comitiatum
915 480 1047 543 vocatur
1069 473 1206 558 populus
1228 473 1300 540 ideo
1323 474 1412 555 quod

263 578 329 643 alia
351 577 392 643 de
414 597 512 644 causa
532 578 585 645 hic
608 581 811 661 magistratus
833 599 896 645 nou
918 584 1023 663 potest
1049 578 1223 643 exercitum
1252 578 1411 643 urbanum

263 699 456 765 convocare,
491 701 618 767 censor,
652 683 781 764 consul,
812 681 962 762 dictator,
996 679 1136 746 interrex
1168 684 1289 763 potest,
1322 680 1410 761 quod

263 801 375 846 censor
408 785 581 848 exercitum
617 785 792 851 centuriato
828 782 989 849 constituit
1017 782 1300 866 quinquennalem,
1336 802 1409 847 cum

263 883 399 950 lustrare
422 892 454 950 et
476 887 508 951 in
535 889 646 955 urbem
675 886 719 952 ad
747 885 900 952 vexillum
929 884 1046 951 ducere
1075 885 1185 968 debet,
1219 884 1356 950 dictator
1379 889 1448 949 eto

263 987 373 1052 consul
396 987 429 1053 in
451 989 593 1072 singulos
614 1009 731 1071 annos,
765 986 852 1072 quod
873 988 926 1052 hio
947 987 1100 1053 exercitui
1123 987 1281 1071 imperare
1303 991 1410 1070 potest

262 1107 325 1169 quo
349 1095 416 1173 eat,
450 1089 485 1155 id
507 1090 593 1171 quod
615 1098 745 1177 propter
767 1089 942 1157 centuriata
965 1089 1093 1156 comitia
1114 1087 1272 1173 imperare
1294 1090 1409 1155 solent.

158 1195 178 1274 ξ
200 1197 240 1256 94
264 1192 370 1270 Quare
392 1212 455 1258 non
477 1199 526 1258 est
548 1192 696 1276 dubium,
730 1194 805 1275 quin
833 1191 895 1257 hoc
922 1191 1069 1257 Inlieium
1098 1190 1155 1272 sit,
1189 1211 1260 1256 cum
1291 1191 1409 1257 circum

261 1314 367 1360 muros
389 1295 452 1359 itur
474 1303 509 1360 ut
535 1297 671 1381 populus
699 1295 860 1360 inliciatur
888 1292 930 1358 ad
959 1293 1164 1377 magistratus
1193 1300 1409 1378 conspectum,
1484 1285 1487 1292 ’

110 1412 142 1462 u·
152 1410 252 1461 113811)
263 1397 318 1478 qui
333 1397 417 1463 viros
434 1401 670 1480 vocarepotest
684 1397 717 1461 in
740 1416 812 1463 eum
834 1397 948 1476 locum,
971 1395 1055 1461 unde
1078 1416 1141 1461 vox
1163 1394 1207 1458 ad
1229 1397 1410 1461 contionem
1433 1407 1462 1455 10

260 1499 405 1565 vocantis
428 1498 573 1565 exaudiri
594 1499 704 1583 possit.
749 1498 854 1576 Quare
884 1519 948 1562 una
978 1497 1099 1580 origine
1128 1497 1211 1561 lllici
1242 1502 1274 1562 et
1299 1497 1409 1563 Inlicis

260 1601 345 1681 quod
367 1601 400 1665 in
423 1602 518 1666 choro
541 1600 751 1685 Proserpinae
781 1607 846 1685 est,
880 1607 913 1665 et
933 1599 1073 1665 Pellexit
1094 1601 1180 1682 quod
1201 1600 1234 1663 in
1256 1600 1409 1666 Ermiona

260 1708 318 1786 est,
341 1723 412 1768 cum
434 1703 480 1768 ait
500 1705 652 1770 Pacuius:

869 1805 984 1888 regni
1006 1805 1134 1871 alieni
1156 1804 1364 1889 cupiditas

411 1907 603 1974 Pellexit.
1432 1920 1459 1970 15

153 2010 173 2087 ξ
196 2011 236 2074 95
259 2007 312 2075 Sic
340 2010 433 2076 Elicii
460 2010 547 2076 Iovis
575 2006 667 2095 [visa]
697 2031 754 2075 ara
782 2010 814 2074 in
842 2011 1003 2078 Aventino
1032 2011 1074 2076 ab
1105 2009 1270 2077 eliciendo.
1337 2010 1408 2077 Hoc

259 2133 342 2178 nuno
357 2113 450 2179 aliter
465 2112 501 2177 fit
523 2119 619 2195 atque
643 2113 729 2195 olim,
753 2112 839 2195 quod
861 2133 963 2196 augur
985 2114 1107 2180 consuli
1128 2112 1222 2179 adest
1244 2119 1311 2178 tum
1334 2132 1406 2177 cum

231 2251 232 2255 =
252 2215 418 2282 exercitus
432 2215 607 2301 imperatur
621 2236 660 2281 ae
675 2215 779 2300 praeit
794 2216 871 2296 quid
894 2236 966 2281 eum
988 2214 1094 2281 dicere
1117 2222 1262 2299 oporteat
1285 2217 1405 2282 consul.

258 2319 380 2402 Auguri
402 2319 560 2402 imperare
589 2320 686 2401 solet,
720 2323 754 2381 ut
783 2318 924 2384 inlicium
953 2323 1061 2400 vocet,
1094 2338 1159 2384 uon
1188 2337 1322 2384 accenso
1350 2322 1407 2383 aut

106 2433 137 2482 ‹r-
147 2433 185 2473 111
195 2431 252 2483 sna)
259 2421 426 2506 praeconi;
460 2420 494 2486 id
516 2420 675 2504 inceptum
699 2418 810 2504 credo,
841 2441 913 2487 eum
935 2441 998 2487 non
1020 2420 1150 2486 adesset
1171 2440 1341 2502 aecensus,
1375 2427 1407 2486 et
1428 2428 1473 2480 ro·

259 2572 348 2640 (Keil),
366 2572 491 2625 illicitum
509 2571 610 2639 MVp,
628 2571 763 2625 inlicitum
780 2571 902 2639 GHab,
929 2572 1051 2626 inlicium
1069 2571 1190 2639 Aldus,
1214 2588 1265 2625 om.
1285 2571 1406 2641 Sciop-

258 2657 351 2727 pius,
369 2657 441 2726 LSp.
460 2688 492 2695 —
512 2661 524 2710 1
540 2657 729 2724 comitiatum]
743 2656 1119 2727 comitiatumScioppius.
1137 2688 1171 2696 -
1190 2655 1272 2720 2hic]
1285 2656 1314 2709 id
1327 2657 1359 2710 G.
1373 2687 1406 2695 -

258 2746 273 2795 3
292 2743 365 2810 quod
383 2758 522 2797 censorem
540 2742 690 2796 exercitum
701 2741 734 2809 F,
752 2742 825 2810 quod
843 2758 940 2797 censor
957 2743 1079 2796 exercitu
1097 2742 1235 2796 Laetus.
1255 2773 1286 2781 —
1306 2745 1322 2794 4
1341 2757 1405 2796 cen·

257 2830 330 2881 turia
348 2829 379 2882 G.
397 2825 444 2880 ‘un
462 2818 677 2881 centuriatum‘l’
694 2825 766 2894 LSp.
785 2857 819 2864 —
841 2844 921 2896 quom
938 2826 972 2881 H.
992 2859 1022 2866 —
1044 2834 1059 2882 5
1077 2828 1204 2891 lustrare]
1222 2828 1354 2882 lustraret
1371 2826 1405 2895 F,

257 2913 357 2966 lustrat
374 2912 574 2983 Scioppius,
602 2927 672 2965 corr.
695 2912 892 2967 Gronovius.
920 2943 953 2950 -
982 2908 1110 2967 ‘dictator
1127 2915 1156 2966 et
1170 2913 1240 2983 fort.
1259 2907 1404 2982 ded'LSp.

257 2998 319 3051 item
339 2997 457 3051 Christ
474 2997 572 3051 Philol.
589 2996 653 3051 XVI
671 3014 698 3066 p.
717 3000 775 3050 460.
810 2997 879 3066 fort.
899 2997 993 3051 consul
1019 2997 1049 3051 in
1076 2998 1143 3066 sing.
1168 3013 1254 3052 annos
1278 2998 1308 3051 id
1332 2998 1405 3066 quod

257 3085 370 3151 propter
388 3086 458 3136 cent.
477 3098 543 3136 com.
562 3082 697 3150 imperare
715 3081 796 3148 solet,
819 3080 938 3136 dictator
961 3082 1033 3149 quod
1056 3083 1102 3136 hic
1125 3099 1167 3136 ex.
1190 3083 1255 3153 imp.
1274 3086 1331 3153 pot.
1350 3099 1403 3151 quo

257 3169 312 3220 est.
331 3197 363 3204 —
382 3171 396 3218 7
415 3170 536 3235 propter]
555 3183 605 3235 per
617 3167 650 3220 G.
669 3196 703 3203 -
721 3170 735 3218 8
754 3166 828 3234 quin]
842 3182 903 3220 cum
914 3166 947 3233 F,
965 3183 1045 3234 quom
1057 3167 1091 3231 H,
1110 3168 1403 3223 coral'ertranius.

257 3283 291 3291 -—
317 3252 415 3314 titur]
438 3245 517 3320 ‘fort
535 3247 664 3305 mittitur'
684 3251 755 3319 LSp.
783 3281 816 3289 -
844 3256 875 3304 10
893 3251 940 3319 qui
963 3251 1045 3315 viros]
1068 3251 1129 3322 LSp
1149 3253 1296 3307 Comment.
1315 3269 1340 3321 p.
1363 3256 1402 3320 12,

257 3337 456 3406 Marquardt
472 3336 566 3405 Antiq.
584 3335 620 3401 II,
638 3339 663 3404 3,
682 3339 723 3404 89,
749 3336 888 3405 Madvig
904 3336 973 3391 Adv.
992 3336 1019 3389 II
1035 3353 1062 3405 p.
1082 3342 1145 3406 1713
1174 3339 1220 3407 qui
1237 3354 1283 3392 ros
1301 3337 1324 3391 F
1343 3354 1403 3391 cum

257 3423 328 3488 aliis,
346 3423 453 3491 quires
471 3422 505 3489 H,
524 3421 644 3490 quirinos
662 3423 690 3489 b,
708 3421 754 3490 qui
773 3421 868 3475 consul
886 3422 1028 3490 Laetus,
1046 3423 1079 3489 B,
1097 3439 1178 3492 quom
1196 3439 1260 3478 reus
1279 3423 1403 3493 Sciop-

256 3508 346 3578 pius,
365 3506 691 3576 quiQuiritestller.
704 3521 847 3561 -vocare
860 3507 982 3574 Aldus,
1001 3509 1097 3562 uocari
1113 3509 1206 3564 libri.
1225 3541 1259 3548 -
1278 3514 1307 3564 11
1326 3509 1403 3573 illici]

256 3593 378 3648 inlicium
396 3592 560 3662 Scaliger.
579 3622 611 3630 —
631 3596 662 3645 12
680 3593 821 3647 hermiona
838 3591 882 3660 M,
900 3592 1038 3647 Laetus.
1061 3623 1096 3632 —
1124 3598 1153 3648 13
1173 3610 1255 3662 quom
1271 3594 1312 3661 H,
1330 3594 1404 3663 quod

258 3679 290 3733 G.
317 3710 350 3716 —
377 3679 492 3747 pacuius
510 3693 570 3730 cum
587 3677 598 3729 i
616 3677 698 3747 loupo
716 3677 749 3744 F,
775 3677 890 3747 paciuus
908 3695 935 3747 p.
962 3707 996 3717 —
1025 3683 1055 3732 16
1073 3679 1144 3733 iobis
1161 3680 1194 3733 F.
1212 3710 1246 3717 —
1273 3680 1332 3734 visa
1349 3678 1401 3733 del.

257 3762 448 3829 Victorius,
466 3763 551 3832 vulg.
569 3792 604 3800 -
623 3767 653 3816 17
673 3762 759 3828 adest]
778 3763 808 3815 id
826 3762 944 3817 estGH.
963 3793 997 3801 -
1017 3767 1047 3817 18
1065 3759 1145 3834 ‘fort
1164 3762 1309 3818 exercitui’
1331 3763 1402 3833 LSp.

230 3843 233 3852 '
257 3879 290 3886 —
315 3847 389 3918 preit
405 3848 438 3902 F.
467 3879 498 3886 —
526 3850 651 3916 oporteat
678 3848 769 3901 dicere
791 3847 836 3914 M,
862 3848 1003 3902 Laetus.
1039 3844 1115 3918 ‘fort
1145 3853 1270 3918 oporteat
1296 3848 1401 3904 consul.

258 3929 371 3986 Consul'
390 3932 461 4000 LSp.
497 3949 548 4003 epo
565 3932 730 4004 interponant
746 3937 872 4001 oporteat
889 3935 992 3987 consul.
1017 3934 1124 4002 Auguri
1147 3934 1221 4004 quod
1242 3941 1303 3988 erat
1322 3949 1401 4002 opor·

256 4020 321 4071 teat.
335 4018 436 4072 Consul
448 4018 552 4087 auguri.
566 4017 648 4072 cerba
659 4033 747 4087 augur
759 4018 882 4073 consuli.
894 4058 901 4071 .
912 4023 1039 4090 oporteat
1050 4019 1102 4074 del.
1113 4019 1241 4075 Christ.
1255 4051 1288 4060 -
1308 4024 1339 4073 19
1352 4035 1401 4073 au-

256 4102 325 4170 guri]
337 4118 424 4170 augur
434 4103 467 4170 F,
485 4120 557 4158 corr.
570 4103 658 4158 Vict.
676 4103 763 4172 vulg.
776 4135 810 4142 -
821 4103 952 4168 inlicium]
971 4105 995 4158 is
1012 4105 1105 4159 licium
1122 4105 1154 4173 F,
1172 4122 1244 4160 corr.
1264 4107 1400 4160 Laetus.

252 4179 333 4255 ‘fort
351 4187 375 4242 is
392 4185 524 4242 inlicium’
539 4190 610 4259 LSp.
629 4204 722 4244 versus
741 4191 901 4244 terminatur
917 4191 947 4244 in
962 4189 985 4243 F
1004 4190 1133 4245 vocabulo
1150 4190 1184 4258 is,
1201 4207 1288 4246 novus
1303 4190 1403 4261 incapit

256 4272 291 4327 ab
308 4271 408 4326 Heium.
427 4303 460 4312 —
478 4277 510 4327 20
528 4274 566 4337 id]
583 4274 620 4329 ad
638 4273 670 4327 G.
689 4305 722 4312 —
740 4290 795 4328 non
813 4275 931 4344 adesset]
949 4275 1057 4328 adesset
1074 4274 1106 4340 B,
1124 4275 1232 4332 abesset
1248 4276 1332 4345 vulg.
