3038 5048
183 534 224 603 Η.
253 534 328 604 Keil
356 539 412 602 aut
441 551 537 616 quoe,
573 551 644 600 cum
676 531 889 618 suspicionem
918 534 1060 618 aliquam
1090 535 1277 621 movissent,
1311 561 1330 605 a

183 660 275 741 putre
296 653 453 740 inspicere
473 652 578 718 iussus
599 671 687 719 eram
711 688 750 699 -
776 673 847 720 eum
870 653 945 737 adii,
967 655 1056 722 cuius
1080 655 1274 741 benignitate
1298 664 1329 723 et

183 771 342 841 industria
356 771 526 860 plurimum
541 768 718 837 adiuvabar
733 771 766 836 in
782 771 842 839 hoo
856 791 953 854 opere
968 772 1173 858 conficiendo,
1186 775 1329 842 Guliel-

183 912 284 960 mum
313 890 464 973 Christ,
498 907 600 971 eoque
627 894 756 955 auctore
785 888 823 955 (i.
848 887 992 954 Vitelli
1020 912 1051 956 v.
1075 893 1105 957 d.
1136 890 1179 957 ad
1206 901 1328 961 contro-

183 1010 322 1078 versiam
342 1003 553 1076 dirimendam
572 1005 605 1071 in
626 1003 820 1071 bibliotheca
833 1005 1049 1072 Laurentiano
1064 1009 1207 1076 codicem
1223 1013 1327 1080 denuo

185 1125 388 1208 conminus)
433 1126 484 1192 De
505 1122 623 1191 codicis
644 1119 785 1186 Gothani
807 1123 963 1205 scriptura
985 1122 1107 1205 aliquot
1137 1125 1216 1192 locis
1246 1131 1326 1195 mihi

182 1247 330 1314 iniectam
343 1243 573 1310 dubitationem
588 1237 738 1323 officiose,
753 1245 788 1307 ut
802 1240 893 1324 solet,
909 1240 1043 1307 removit
1051 1240 1085 1306 O.
1095 1242 1132 1306 ll.
1141 1242 1323 1324 Georges.

182 1363 403 1447 Coniectunea,
426 1380 509 1445 quae
530 1365 562 1427 et
583 1359 668 1426 idem
691 1363 723 1424 et
745 1379 786 1426 ex
807 1359 884 1427 sede
906 1378 965 1426 sua
979 1359 1154 1444 Japanensi
1170 1361 1208 1424 A.
1221 1358 1321 1425 Groth

180 1502 238 1569 per
265 1480 386 1548 litteras
415 1479 458 1546 ad
486 1499 538 1545 me
566 1478 824 1563 transmiserunt,
855 1498 913 1547 suo
937 1497 1081 1562 quaeque
1103 1478 1173 1545 loeo
1202 1477 1321 1544 inserta

179 1600 331 1669 invenies.

265 1717 386 1803 Scripsi
408 1715 569 1784 Monachii
591 1716 664 1782 Kal.
687 1716 769 1784 Nou.
793 1736 823 1783 a.
846 1715 1150 1784 MDOOCLXXXV.

928 1834 1092 1903 Andreas
1115 1834 1282 1920 Spengel.

249 2087 273 2151 ‘t
290 2085 381 2142 Locus
400 2091 442 2142 est
459 2086 512 2142 VII
530 2088 546 2155 ξ
565 2091 593 2155 3,
619 2086 666 2142 ubi
694 2091 875 2144 atramentum
901 2088 1046 2144 admodum
1072 2088 1183 2144 euanuit
1209 2090 1236 2142 et
1263 2101 1324 2141 cum

181 2169 357 2242 Epimenides
371 2172 452 2229 Cres
464 2172 615 2231 certissima
633 2172 669 2228 sit
685 2174 773 2242 patris
785 2174 838 2228 mei
850 2179 879 2229 et
890 2172 970 2228 Reii
973 2172 987 2226 f
991 2189 1045 2229 ers
1053 2172 1169 2229 cheidi
1181 2170 1324 2238 eorrectio,

179 2257 231 2310 hoc
251 2256 340 2324 ipsum
358 2276 417 2315 eres
434 2259 463 2315 in
480 2261 502 2315 F
521 2257 651 2327 scriptum
675 2271 735 2313 esse
759 2272 809 2326 per
831 2270 950 2312 errorem
971 2263 1089 2314 testatur
1108 2259 1229 2314 Groth.
1252 2255 1324 2312 conf.

178 2340 243 2395 edit.
284 2341 360 2399 Haec
383 2346 475 2398 autern
498 2341 631 2398 Vitelli:
657 2337 786 2412 ‘primum
809 2358 876 2413 opos
913 2347 944 2398 ut
961 2343 1081 2410 videtur,
1104 2342 1236 2412 scriptum
1254 2344 1323 2404 erat,

178 2429 277 2496 postea
294 2431 450 2484 correctum
468 2444 544 2500 opus.
