3038 5048
258 279 316 320 m
764 257 900 312 Proeiotio.

259 438 373 502 scribit,
408 435 482 509 puod
509 441 632 499 teratur,
666 440 694 488 et
719 448 812 489 omncs
833 439 927 488 tenent
948 431 1059 487 teritur.
1102 429 1255 503 complures
1277 429 1305 486 id
1327 447 1416 504 genus

261 523 314 580 ioci
335 539 367 579 ex
388 520 408 576 F
432 536 503 576 nunc
526 519 621 574 remoti
643 525 716 581 sunt,
741 526 770 573 ut
786 519 824 575 65
845 523 930 589 poter
952 516 1026 588 puod
1043 514 1204 588 patefaciat
1225 530 1329 581 semen,
1353 533 1417 573 nom

260 609 299 664 sic
320 606 370 663 soli
393 605 417 660 11
440 613 466 660 41
487 603 594 674 Lectus,
618 602 698 660 ceteri
720 610 794 659 recte
812 600 961 674 patefacit,
985 599 1125 665 411155
1149 600 1227 656 iidem
1249 599 1301 657 soli
1321 600 1416 673 iaciat

260 708 311 766 pro
332 690 413 762 facit,
438 687 468 760 V,
495 690 551 745 115
575 686 595 742 V
616 688 655 761 fit,
679 703 733 741 non
755 688 819 759 fiat,
847 685 890 757 Vi,
917 688 952 744 14
976 684 1045 742 mele
1066 684 1200 742 Victorius
1221 701 1252 741 se
1275 687 1341 742 dent
1363 703 1415 760 pro

260 776 365 838 sedent,
390 789 440 830 uec
460 772 514 828 huc
537 772 653 845 pertinet
668 771 709 834 Vl,
728 775 765 829 54
787 771 861 843 sana
883 771 1030 826 nominata
1052 771 1127 841 qnod
1144 769 1294 843 pontifices
1312 810 1319 825 .
1336 811 1343 826 .
1358 771 1416 843 sati

260 862 317 917 rint
338 861 428 934 finem,
453 874 514 913 nam
536 858 563 912 in
586 855 661 912 libris
684 865 724 912 est
746 871 826 928 puae,
851 872 905 912 non
928 855 1002 928 quod
1015 852 1066 929 (sic
1080 853 1155 911 solus
1170 853 1291 928 Laetus),
1317 871 1414 929 quam·

261 961 341 1020 quam
363 961 397 1000 ne
419 942 457 999 sic
479 941 585 1015 quidem
607 941 794 997 coniunctivus
816 941 874 997 iure
896 940 1000 1014 positus
1022 949 1073 995 est.
1114 947 1217 995 restant
1238 939 1307 996 heec
1328 938 1361 1010 V,
1374 943 1413 998 40

258 1029 381 1104 praedia
403 1028 479 1083 dicta
503 1067 510 1081 .
535 1067 541 1082 .
565 1042 583 1081 a
603 1027 794 1098 praestando,
819 1026 893 1097 quod
916 1041 951 1080 ea
969 1024 1085 1096 pignori
1107 1025 1175 1080 dato
1195 1023 1313 1096 publice
1333 1039 1415 1081 man·

261 1116 340 1187 cupis
361 1113 442 1187 tidem
460 1117 615 1183 praestent,
639 1112 657 1185 ξ
684 1113 741 1168 120
761 1111 880 1182 patinas
904 1109 1042 1182 apatulo
1065 1109 1205 1172 dicerunt,
1228 1115 1259 1163 ut
1277 1110 1414 1180 pusillae,

261 1199 336 1271 quod
362 1196 407 1252 itis
436 1196 559 1252 libarent
588 1212 717 1258 coenam,
747 1195 883 1267 patellas.
919 1195 970 1251 181
1005 1201 1031 1250 41
1057 1192 1123 1249 itinc
1151 1193 1284 1249 dicuutur
1311 1194 1415 1250 milites

261 1282 370 1339 aerarii
393 1281 428 1336 ab
451 1296 526 1345 aere,
550 1281 624 1351 quod
645 1280 786 1352 stipendia
807 1279 935 1351 facerent
955 1277 1023 1343 icoc,
1046 1277 1093 1333 ubi
1114 1275 1301 1351 imperfectum
1323 1278 1416 1352 potius

260 1368 328 1423 dicti
350 1381 429 1439 quam
451 1365 583 1421 dicantar
603 1364 724 1438 requirit,
749 1365 788 1428 Vl,
813 1366 852 1422 46
876 1380 947 1418 cura
969 1363 1043 1434 quod
1065 1379 1114 1418 cor
1134 1369 1209 1427 urat,
1237 1363 1276 1420 49
1299 1379 1416 1418 monere

260 1452 334 1523 quod
355 1451 380 1506 is
403 1451 451 1522 poi
472 1456 564 1504 monet
581 1449 703 1521 proinde
725 1449 761 1503 sit
784 1464 818 1503 ac
840 1449 983 1513 memoria,
1007 1447 1060 1512 Vll,
1084 1448 1122 1504 22
1146 1448 1247 1502 dictum
1267 1446 1373 1518 fretum
1396 1464 1416 1504 a

259 1536 442 1592 similitudine
462 1533 598 1605 [eruentis
621 1549 721 1606 aquae,
746 1534 820 1604 quod
840 1534 871 1589 in
891 1532 994 1604 fretam
1021 1547 1107 1604 saepe
1135 1538 1288 1587 concurrat
1316 1540 1414 1588 aestus

261 1630 344 1694 atque
372 1620 545 1690 effervescat.
590 1634 705 1692 quorum
734 1618 755 1672 si
785 1634 869 1673 unum
898 1616 1044 1673 alterumve
1071 1615 1186 1673 tortasse
1211 1616 1414 1690 quodammodo

261 1706 331 1762 tueri
353 1705 455 1778 possis,
489 1702 592 1758 ferendi
614 1718 669 1757 non
696 1709 760 1758 sunt
780 1701 849 1773 loci,
883 1702 908 1756 in
939 1701 1036 1775 quibus
1065 1708 1209 1774 utrumque
1236 1700 1414 1758 coniunctum

260 1789 373 1863 legitur,
398 1788 429 1859 V,
453 1787 509 1845 117
534 1787 641 1842 uallum
663 1787 707 1842 uel
729 1788 803 1858 puod
825 1803 858 1842 ea
880 1787 1013 1841 comeare
1035 1801 1114 1840 nemo
1134 1785 1241 1858 possit,
1267 1787 1313 1843 uel
1336 1787 1414 1858 quod

259 1874 374 1943 riopula
395 1872 435 1927 ibi
458 1912 465 1927 .
491 1912 497 1926 .
519 1870 623 1927 habent
647 1873 766 1944 fipuram
794 1870 828 1938 V,·
861 1869 940 1928 scrib.
960 1877 1069 1942 potest,·
1104 1870 1143 1931 Vl.
1169 1871 1207 1928 62
1230 1869 1296 1927 irinc
1325 1871 1412 1926 doceo

260 1955 495 2014 declinatumoel
517 1958 676 2027 quodcum
704 1957 832 2011 docemus
863 1957 993 2018 diunius,
1024 1955 1069 2010 oei
1098 1956 1172 2027 quod
1200 1956 1247 2027 poi
1276 1955 1413 2011 docorum

259 2044 431 2098 inducantur
452 2042 482 2096 in
504 2042 534 2096 id
557 2043 631 2112 quod
653 2043 794 2105 docentur,
819 2049 845 2096 et
867 2041 941 2115 quod
965 2039 1130 2112 praecedit§
1147 2042 1183 2097 61
1201 2039 1266 2095 iiiuc
1281 2040 1411 2096 iudicare

260 2128 334 2201 paod
356 2133 420 2182 tunc
441 2127 488 2181 ius
510 2126 630 2191 dicotur,
652 2125 718 2181 irinc
739 2127 826 2182 iudea
847 2127 921 2198 prod
942 2125 1050 2179 iudicat
1073 2165 1079 2178 .
1099 2165 1105 2178 .
1127 2124 1158 2179 id
1180 2131 1221 2179 est
1244 2125 1411 2180 ..dicendo

258 2213 328 2285 finit.
360 2214 398 2268 50
415 2227 540 2266 maerere
557 2227 715 2266 amarcere
731 2212 804 2282 puod
820 2211 904 2265 etiam
919 2225 1021 2281 corpus
1038 2225 1220 2273 marcescere,
1244 2208 1291 2265 ubi
1313 2209 1410 2266 Laetus

260 2298 377 2362 dicitur,
402 2297 419 2351 B
441 2297 565 2361 uidetur,
588 2296 662 2369 vulg.
683 2297 815 2351 videatur
839 2294 944 2364 inserit,
975 2310 1024 2366 ego
1047 2292 1115 2349 maie
1136 2301 1322 2349 marcesceret
1344 2310 1411 2350 con-

260 2383 371 2439 ieceram
399 2398 414 2437 a
442 2381 553 2438 Miiilero
586 2389 738 2453 receptum,
773 2381 856 2435 Varro
887 2377 1040 2451 simpliciter
1067 2394 1193 2434 marcere
1222 2379 1297 2451 quod
1326 2380 1410 2435 etiarn

259 2482 432 2523 marcescere
454 2466 591 2538 scripsisse
612 2466 725 2521 videtur.

344 2550 415 2605 Haec
443 2549 526 2622 igitur
553 2549 624 2605 haud
653 2565 713 2603 rero
744 2547 823 2604 dubia
853 2563 884 2603 ex
912 2563 963 2603 usu
993 2556 1017 2603 et
1040 2563 1115 2602 more
1138 2546 1242 2604 dicendi
1270 2547 1409 2621 scriptoris

260 2633 453 2692 consideranda
475 2643 502 2689 et
524 2633 688 2689 diiudicanda
711 2642 783 2689 sunt.
824 2648 912 2705 neque
934 2648 998 2688 vero
1020 2632 1053 2687 in
1075 2631 1261 2688 verborum
1284 2630 1296 2687 i
1302 2634 1409 2689 ormis

259 2717 309 2774 sibi
332 2725 452 2780 constat;
480 2718 609 2790 gerundio
633 2717 719 2774 utitur
740 2725 771 2773 ut
792 2734 841 2791 par
863 2725 913 2780 est,
937 2725 968 2773 ut
990 2718 1025 2772 ab
1049 2718 1163 2786 dependo
1187 2716 1287 2789 Lepuli
1310 2758 1317 2774 .
1343 2757 1350 2772 .
1374 2719 1409 2774 ab

260 2803 375 2873 dependo
398 2800 490 2872 Ligna
513 2817 619 2875 puopue
642 2845 650 2861 .
675 2844 682 2857 .
705 2803 828 2858 indidem
850 2802 886 2856 ab
910 2802 1024 2873 dependo
1049 2801 1149 2871 Legio,
1180 2811 1206 2857 et
1228 2803 1266 2858 sic
1287 2801 1410 2875 plerum-

261 2902 322 2959 que,
346 2901 428 2958 quure
450 2886 480 2949 V,
506 2887 523 2942 2
548 2903 566 2940 a
589 2901 645 2958 pua
666 2903 697 2941 re
719 2887 756 2940 sit
774 2887 936 2958 pertinacia
959 2903 1040 2959 quom
1063 2887 1224 2957 quaeritur,
1257 2888 1411 2944 ostenditur

261 2985 320 3024 esse
349 2985 367 3023 a
392 2970 528 3040 pertendo
558 2970 616 3025 iuro
644 2969 834 3027 Rhotandellus
863 2988 882 3025 a
906 2972 1098 3042 pertendendo
1132 2970 1261 3035 correxit3
1299 2987 1362 3028 nem
1389 2972 1411 3027 si

260 3052 345 3127 prima
366 3053 514 3126 praesentis
536 3070 652 3126 persona
674 3055 773 3119 utitur,
803 3055 829 3109 id
852 3055 885 3109 od
906 3053 1049 3112 verborum
1073 3063 1194 3129 tompore
1219 3057 1350 3130 pertinet,
1381 3065 1412 3113 ut

261 3139 297 3195 ab
320 3139 380 3208 depo
403 3138 458 3207 topi
480 3138 578 3209 iopam.
623 3139 669 3196 sed
693 3139 770 3195 otiam
791 3138 937 3195 infinitivus
958 3140 1101 3205 invenitur,
1125 3156 1180 3195 non
1203 3140 1291 3196 sotum
1313 3140 1345 3213 V,
1371 3143 1409 3200 83

261 3224 417 3297 Pontufices
439 3228 469 3277 ut
491 3221 630 3280 Scaeuola
654 3221 774 3292 Quintus
797 3224 829 3279 P.
852 3222 893 3280 M.
917 3225 1027 3280 dicebat
1044 3242 1068 3300 a
1090 3239 1174 3297 posse
1203 3232 1229 3280 et
1256 3225 1353 3294 facere
1380 3231 1411 3283 ut

261 3308 402 3382 Potifices,
437 3322 497 3362 nam
519 3306 598 3363 huius
620 3309 693 3364 vorbi
715 3309 891 3382 gerundivum
913 3326 967 3365 non
991 3318 1045 3375 est,
1080 3310 1126 3365 sed
1154 3309 1232 3366 etiem
1261 3310 1306 3366 ubi
1334 3309 1411 3366 facile

260 3391 342 3449 vitice
364 3399 479 3466 poterut,
502 3400 533 3447 ut
547 3392 589 3456 Vi,
608 3396 645 3451 50
668 3410 794 3449 maerere
817 3411 835 3449 c
857 3410 992 3458 marcere,
1017 3397 1055 3452 75
1072 3395 1194 3450 omnium
1216 3394 1411 3451 crinitorum

261 3478 329 3551 puid
350 3495 369 3533 a
391 3492 508 3540 cauere,
543 3479 581 3534 79
606 3478 655 3550 pui
676 3479 786 3534 adlucet
815 3479 918 3535 dicitur
948 3480 1040 3535 lucere
1063 3481 1098 3536 ab
1122 3480 1214 3545 tuere,
1237 3477 1334 3537 ibidem
1358 3480 1410 3536 ad·

261 3563 373 3634 quirere
396 3568 437 3617 est
458 3562 494 3617 ab
517 3562 556 3616 ad
577 3568 603 3616 et
625 3577 770 3633 quaerere,
787 3563 840 3626 Vil,
859 3564 897 3620 80
914 3565 949 3619 ob
967 3564 1090 3635 recipcre
1105 3566 1284 3639 reciprocare
1305 3565 1409 3638 fictum,

265 3650 322 3706 108
346 3649 382 3704 ab
405 3662 503 3702 serare
525 3647 645 3714 dictum,·
678 3646 799 3704 similiter
815 3646 868 3709 Vl,
893 3650 933 3705 44
958 3664 976 3702 a
999 3663 1049 3703 coo
1073 3656 1098 3704 et
1120 3656 1224 3714 mente,
1259 3648 1319 3712 Vil,
1349 3651 1407 3706 107

261 3749 280 3786 a
298 3733 390 3803 perite
413 3773 419 3787 .
446 3772 453 3787 .
476 3747 495 3785 a
512 3730 658 3803 protinus,
693 3732 715 3787 si
736 3732 815 3787 modo
837 3730 903 3787 haec
925 3731 1012 3788 omnio
1034 3749 1097 3789 sana
1126 3744 1152 3792 et
1181 3735 1264 3808 magis
1292 3733 1409 3789 notendo

262 3831 341 3888 quem
364 3815 521 3889 corrigenda
543 3823 615 3871 sunt.

346 3899 455 3957 Difficile
487 3908 527 3956 est
560 3916 639 3974 suepe
670 3900 703 3955 in
734 3899 963 3973 etymologiis
998 3903 1080 3975 quid
1108 3904 1217 3960 Varro
1251 3904 1409 3960 voluerit

261 3984 418 4049 ostendere3
442 4001 498 4041 non
520 3986 590 4041 enirn
611 4002 672 4041 vero
695 3994 740 4041 out
761 3983 915 4058 probabilis,
939 3987 987 4042 sed
1007 3987 1168 4063 plerumque
1188 3989 1279 4063 inepte
1300 3996 1327 4045 ot
1348 3987 1410 4046 ficta

261 4066 334 4121 vocis
356 4069 432 4141 origo
458 4071 601 4143 exponitur
629 4078 655 4127 et
682 4069 817 4126 interdum
845 4069 972 4128 mirabilia
1001 4075 1138 4147 sequitur,
1171 4081 1203 4128 ut
1231 4090 1299 4146 quoe
1327 4073 1409 4130 cuivis

260 4159 367 4224 praesto
389 4162 487 4216 essent,
509 4156 537 4210 in
559 4155 599 4210 his
622 4156 701 4228 nugis
723 4153 879 4228 negligeret,
902 4164 933 4213 ut
948 4157 978 4222 V,
996 4159 1035 4216 36
1051 4159 1126 4230 puod
1142 4156 1266 4228 primum
1281 4174 1316 4213 eu
1339 4173 1409 4232 apro
