3038 5048
663 270 701 323 lle
717 270 783 324 libro
801 270 862 329 vllt.
1288 290 1340 330 nan

191 447 221 504 2.
243 444 348 503 casuale
369 442 389 520 ξ
413 445 547 502 oct-74.

341 526 502 603 relinquitur
524 523 563 599 tl)
587 527 619 592 de
642 526 756 592 casibus,
780 528 808 584 in
831 545 885 603 quo
902 530 1064 589 Aristarchei
1085 548 1149 589 suos
1172 533 1340 592 contendunt

341 628 448 670 nervos.

235 701 262 755 1.
284 697 401 771 primum
423 696 445 751 si
465 695 493 751 iu
514 692 555 752 bis
577 703 648 753 esset
669 695 798 770 analogio,
821 695 914 755 dicunt
928 695 1052 757 debuisse
1073 716 1165 759 omnes
1187 703 1338 760 nominatus

285 789 312 837 et
334 779 462 837 articulos
483 777 582 837 babere
603 780 714 839 totidem
736 797 830 847 casus,
855 783 928 858 quod
950 798 1006 840 non
1029 794 1082 851 est3
1115 800 1172 842 non
1194 802 1252 845 esse
1273 803 1337 861 ergo

285 865 313 921 in
335 864 440 923 casibus
461 863 618 938 analogiam.

233 951 262 1008 2.
284 950 404 1008 secundo
426 948 500 1024 quod
523 948 629 1014 Crates,
663 964 713 1007 cur
740 948 844 1006 litterae
872 967 983 1025 graecae
1008 953 1129 1027 singulos
1151 952 1270 1012 habeant
1291 972 1339 1014 ca-

284 1051 331 1091 sus
354 1074 410 1092 ...
432 1034 471 1091 sic
491 1033 585 1090 Graeci
606 1042 700 1091 nostra
721 1035 792 1091 senis
814 1035 928 1101 casibus,
955 1037 1044 1111 quinis
1066 1055 1121 1095 non
1144 1038 1233 1098 dicere
1253 1039 1338 1099 debe·

283 1116 357 1183 bant,
381 1118 456 1194 quod
478 1134 539 1176 cum
561 1134 617 1176 non
639 1117 751 1184 iaciunt,
778 1136 832 1176 non
856 1128 898 1178 est
918 1121 1049 1197 analogia.
1243 1175 1245 1178 ,

232 1203 260 1262 3.
283 1219 352 1279 quae
373 1204 396 1259 si
417 1211 503 1268 esset,
539 1210 640 1277 negant
668 1202 753 1260 ullum
782 1220 872 1262 casum
898 1204 1005 1263 duobus
1025 1208 1111 1264 modis
1133 1205 1256 1266 debuisse
1277 1210 1337 1275 dici,

282 1288 356 1362 quod
378 1287 409 1345 fit
431 1295 535 1346 contra.

230 1375 259 1431 4.
281 1372 346 1430 item
368 1389 443 1440 cum,
474 1372 498 1428 si
518 1372 552 1429 sit
573 1370 711 1445 analogia,
742 1371 857 1430 debeant
885 1372 918 1429 ab
947 1373 1077 1433 similibus
1102 1374 1190 1434 verbis
1217 1377 1339 1436 similiter

283 1456 420 1515 declinatis
441 1455 535 1514 similia
556 1455 613 1514 fieri
635 1464 663 1513 et
683 1456 710 1513 id
732 1473 788 1513 non
809 1457 867 1514 lieri
889 1460 996 1517 ostendi
1017 1461 1118 1534 possit,
1142 1462 1337 1536 despiciendam

282 1559 339 1599 eam
363 1559 421 1600 esse
442 1542 585 1598 rationem.
629 1541 705 1616 atqui
726 1543 886 1600 ostenditur.

230 1628 257 1685 5.
278 1626 378 1701 item*)
408 1627 534 1701 quoniam
562 1625 647 1682 simde
675 1634 716 1682 est
743 1636 818 1685 recto
847 1644 911 1685 casu
939 1628 1066 1698 Sciuuus,
1098 1629 1204 1703 Lupus,
1237 1632 1335 1706 Lepus,

279 1719 394 1786 rogant,
424 1727 495 1786 quor
517 1725 573 1767 non
595 1709 699 1767 dicatur
719 1713 897 1786 proportione
918 1713 981 1769 item
1003 1712 1114 1780 Sciuro,
1139 1716 1229 1788 Lupo,
1251 1717 1335 1790 Lepo.

229 1797 256 1855 6.
279 1796 343 1852 item
364 1795 387 1852 si
409 1803 481 1853 esset
502 1794 632 1869 analogia,
655 1795 775 1854 similiter
796 1806 827 1854 ut
849 1796 943 1854 dicunt
958 1798 1036 1863 Oves,
1061 1800 1138 1860 dves,
1161 1799 1238 1865 Sues,
1262 1800 1336 1858 dice-

281 1887 343 1938 rent
363 1881 429 1936 item
450 1887 482 1937 ut
504 1878 608 1946 Ovium,
631 1879 737 1946 Avium,
761 1880 865 1939 Suium.

228 1970 257 2023 7.
280 1965 303 2021 si
324 1963 445 2038 analogia
466 1970 522 2028 est,
544 1963 647 2038 iuquit,
675 1980 723 2021 cur
744 1964 862 2039 populus
884 1965 947 2023 dicit
969 1967 1013 2022 liei
1035 1967 1164 2033 Penates,
1195 1969 1240 2028 bet
1262 1971 1336 2027 Con-

279 2045 391 2106 sentes‘l

228 2135 257 2193 8.
279 2133 343 2190 item
365 2139 513 2207 quaeruut,
537 2132 561 2187 si
582 2131 617 2188 sit
639 2130 775 2206 analogia,
809 2148 857 2189 cur
878 2132 1014 2207 appellent
1037 2151 1130 2193 omnes
1152 2137 1230 2194 aedes
1252 2138 1335 2195 Deum

280 2217 454 2283 Consentum,
477 2225 504 2272 et
525 2231 581 2273 uon
603 2216 719 2273 Deorum
741 2216 924 2274 Consentium.

227 2306 256 2363 9.
278 2303 342 2361 item
364 2317 435 2377 quor
456 2299 561 2358 dicatur
582 2299 653 2357 mille
675 2300 822 2367 denarium,
845 2300 917 2357 mille
937 2301 1077 2358 assarium.

208 2391 256 2448 to.
277 2387 341 2445 item
363 2384 512 2443 secundum
533 2383 641 2442 illorum
662 2385 793 2443 rationem
816 2385 944 2443 debemus
966 2384 1090 2443 secundis
1112 2384 1220 2458 syllabis
1245 2386 1333 2461 longis

278 2472 366 2529 dicere
387 2470 540 2535 Hectorem,
562 2469 712 2527 Nestorem.
812 2513 814 2517 >

207 2560 254 2617 11.
278 2565 305 2613 et
327 2572 383 2612 non
405 2553 498 2612 debuit
521 2555 572 2612 dici
595 2553 695 2627 quibus
717 2555 763 2610 das
785 2554 845 2629 quis
868 2547 979 2634 das.**)

207 2643 254 2700 12.
278 2656 340 2697 cum
362 2639 465 2696 dicatur
486 2637 520 2695 da
541 2637 730 2712 patrifamilias,
753 2639 774 2694 si
796 2637 931 2713 analogias
952 2639 1029 2714 sequi
1051 2637 1157 2705 vellent,
1181 2638 1333 2700 debuerunt

279 2723 366 2782 dicere
388 2724 421 2781 da
441 2723 511 2798 patri
533 2720 659 2788 familiae,
693 2731 721 2780 et
740 2722 831 2797 plures
853 2732 942 2798 patres
971 2722 1127 2781 iamiliarum
1150 2766 1157 2781 .
1182 2766 1189 2781 .
1213 2766 1220 2782 .
1243 2743 1332 2802 neque

279 2807 422 2883 oportebat
442 2807 664 2866 consuetudinem
686 2815 792 2872 natare,
814 2808 880 2866 alios
903 2809 992 2867 dicere
1014 2808 1095 2865 boum
1117 2826 1227 2884 greges,
1256 2812 1331 2869 loum

278 2895 368 2968 signa,
392 2891 457 2950 alios
478 2891 624 2959 boverum,
647 2894 784 2958 loverum,
815 2909 866 2951 neo
886 2910 947 2951 cum
969 2894 996 2950 in
1019 2891 1135 2968 obliquis
1157 2897 1332 2954 convenirent

255 2977 399 3045 casibus,
421 2985 453 3036 ut
476 2976 561 3041 lovb,
585 2975 675 3044 bovis,
698 2977 793 3043 struis,
817 2978 921 3044 lovem,
944 2977 1049 3042 bovem,
1072 2987 1185 3046 struem,
1209 2981 1331 3040 dubitare

275 3065 304 3121 in
325 3063 416 3129 rectis,
437 3077 512 3120 nunc
532 3061 584 3119 dici
605 3062 713 3136 iupiter,
737 3061 796 3128 bos,
817 3071 917 3120 strues.

182 3152 210 3208 3.
232 3145 388 3224 augendi§
411 3149 546 3206 75-78.

333 3233 458 3306 deinceps
480 3231 565 3288 dicam
588 3231 621 3288 de
642 3229 726 3287 altero
742 3228 781 3307 (l)
796 3247 895 3305 genere
909 3231 1110 3297 vocabulorum,
1133 3232 1162 3288 in
1183 3249 1237 3307 quo
1260 3250 1330 3290 con-

334 3317 467 3374 tentiones
482 3315 561 3381 fiunt,
583 3322 615 3372 ut
636 3313 726 3373 album
747 3314 833 3374 albius
858 3313 1028 3382 albissimum,
1051 3318 1079 3373 in
1101 3333 1155 3392 quo
1178 3317 1241 3374 item
1263 3333 1329 3375 ana-

331 3399 416 3474 logias
437 3417 493 3458 non
514 3399 614 3458 servari
636 3408 747 3475 apparet
768 3441 775 3458 .
793 3439 800 3457 .
818 3440 850 3458 ..
873 3401 946 3476 quod
973 3402 1005 3458 ad
1031 3400 1224 3459 vocabulorum
1249 3401 1329 3459 huius

266 3663 291 3729 *)
308 3661 464 3731 praecedunt
480 3662 560 3715 uerba
579 3662 595 3728 ξ
615 3665 646 3715 67
665 3668 698 3714 ut
714 3666 744 3714 in
760 3667 856 3715 neutro
874 3665 912 3714 eit
927 3667 967 3715 eie
983 3668 1060 3730 item,
1078 3660 1146 3715 nude
1162 3662 1243 3728 vulgo
1260 3663 1327 3716 male

180 3732 340 3851 distinguunt
358 3731 404 3782 Sic
420 3733 492 3810 item,
510 3734 598 3810 natum
615 3729 685 3813 istud
702 3733 742 3782 etc
758 3745 790 3810 ᾳ
807 3735 843 3781 eit
859 3735 886 3783 et
903 3731 1046 3784 delendum.
1078 3734 1191 3782 ceterum
1209 3729 1326 3784 attendas

179 3800 205 3852 in
224 3814 253 3852 ca
272 3814 313 3852 em
331 3802 458 3878 sententia
476 3802 614 3918 repetitum
632 3803 695 3849 atem
712 3802 739 3851 et
757 3797 798 3850 luc
815 3803 842 3852 et
859 3799 877 3866 5
894 3802 937 3851 to.
1176 3862 1183 3875 .
1204 3861 1231 3876 ..

248 3867 555 3950 **)·requ1nturet·oc
573 3864 659 3949 loco,
673 3880 732 3918 nam
749 3880 844 3919 novum
862 3870 902 3949 est
920 3863 988 3985 §uod
1007 3863 1098 3945 alleri,
1121 3863 1154 3914 ab
1176 3865 1250 3916 unitio
1272 3879 1325 3944 nou

179 3939 211 3996 ct,
231 3934 276 3988 sed
288 3939 352 3986 atem
363 3950 419 3986 non
431 3935 530 3998 detuit,
547 3935 600 4012 tum
613 3934 708 4014 gualos
719 3934 776 4000 dea,
792 3935 839 3985 aed
850 3949 910 4000 quae
939 3950 977 3996 ae,
995 3937 1040 3985 aut
1052 3932 1147 4012 gnatus
1164 3931 1221 4011 aas·
1229 3946 1325 3986 omisso

180 4000 896 4133 tuda,llll‘tutat,titulabitur
918 3998 1325 4122 ltltlttltdda..l⁸‘.¹tlff

178 4087 413 4205 :trictum’reliqua
431 4151 521 4206 parum
538 4149 642 4189 curasse
661 4107 751 4201 cr’cdia,
768 4140 798 4190 nt
814 4107 1014 4205 supra’quoque
1026 4133 1144 4187 Hectoris
1161 4151 1255 4190 nomen
1273 4150 1323 4188 uon

179 4208 276 4276 optime
295 4205 430 4261 vocabulis
448 4204 564 4256 inseruit.
