3038 5048
563 285 599 339 Ile
617 285 738 340 Varronis
755 286 787 341 de
805 288 822 341 l.
841 288 859 340 l.
876 288 958 341 libris.
1259 308 1341 347 xxxv

273 461 339 527 Vlll,
364 463 403 521 84
431 461 506 518 deest
527 462 668 536 quaternio
690 461 735 517 xt.

172 587 178 594 .
273 547 304 606 X.
329 547 368 606 23
391 545 437 601 nio
465 545 565 601 desunt
592 546 649 601 tria
674 545 746 618 solia
776 547 808 602 in
838 545 1005 618 eeemplari.
1038 555 1102 603 sunt
1122 547 1186 606 folia
1208 550 1229 607 1.
1252 550 1283 607 lt.
1306 553 1340 608 111

187 632 372 707 quaternionis
393 629 447 686 XV.

273 716 305 775 X.
329 717 369 774 34
396 713 443 770 ltic
469 716 568 771 desunt
595 716 651 771 tria
678 714 761 787 folia.
806 724 871 772 sunt
897 712 960 771 folia
988 712 1031 771 Vl.
1061 714 1114 772 Vll.
1142 716 1198 774 Vlli
1227 728 1338 794 quater-

188 801 277 858 nionis
299 798 354 855 XV.

274 883 402 941 foliorum
429 882 611 940 traiectionem
638 881 700 940 libri
728 884 816 960 quinti
838 882 869 949 V,
894 886 943 949 41,
968 884 1007 942 32
1030 882 1133 957 primus
1161 885 1337 945 Buohananus

188 969 338 1044 perspexit3
361 969 476 1043 primum
490 967 578 1043 quinti
599 969 781 1044 quaternionis
804 976 901 1043 quarto
925 968 1105 1042 praepositum
1129 970 1233 1028 turham
1257 973 1339 1038 dedit,

189 1053 286 1130 quibus
308 1053 476 1111 commutatis
498 1053 586 1110 omnia
607 1061 681 1110 recte
701 1054 856 1128 procedunt
877 1061 905 1111 et
925 1053 1100 1111 conveniunt.

259 1139 408 1211 ¹integrum
430 1154 514 1212 opus,
542 1139 618 1195 cuius
637 1138 792 1212 vigesimum
814 1148 940 1213 quartum
960 1138 1114 1196 Priscianus
1136 1137 1241 1205 laudat,
1272 1139 1340 1196 XXV

188 1224 348 1292 constitisse
361 1223 435 1279 libris
458 1222 573 1296 Originis
599 1223 698 1280 docent
718 1216 847 1296 veroni)
878 1232 1067 1297 argumentum
1094 1225 1152 1298 ipse
1179 1223 1230 1281 sub
1258 1223 1340 1282 linem

187 1308 292 1383 septimi
319 1306 460 1365 describit:
495 1309 628 1381 quoniam
655 1310 743 1365 omnis
773 1309 866 1382 operis
895 1309 929 1364 de
957 1308 1056 1381 linqua
1086 1309 1178 1366 latina
1206 1310 1257 1365 tris
1282 1309 1339 1382 feei

181 1394 286 1468 partis,
309 1394 401 1466 primo
423 1393 654 1466 quemadmodum
667 1394 808 1451 coaalula
830 1393 963 1468 imposita
985 1401 1077 1450 essent
1099 1395 1191 1459 relus,
1213 1396 1338 1451 secundo

187 1478 417 1551 quemadmodum
440 1494 475 1534 ea
496 1479 527 1533 in
550 1494 633 1534 casus
656 1478 881 1544 declinarentur,
916 1479 997 1535 tertio
1021 1479 1250 1552 quemadmodum
1271 1496 1338 1535 aon·

185 1566 376 1635 iunperentur,
399 1563 493 1636 prima
506 1569 591 1636 parte
604 1571 781 1636 perpetrato,
804 1570 835 1619 ut
849 1563 1002 1620 secundam
1019 1564 1109 1620 ordiri
1130 1564 1244 1636 possim,
1267 1563 1333 1620 luia

186 1649 259 1706 tttro
286 1649 394 1720 samam
421 1648 521 1722 pinem3
555 1648 646 1705 eadem
673 1646 707 1704 ab
735 1649 810 1705 initio
839 1648 925 1706 octavi
957 1647 1019 1705 iibri
1051 1648 1164 1722 repetita
1196 1648 1335 1722 leguntur.

184 1733 298 1790 Primam
319 1741 423 1807 partem
445 1749 493 1789 ser
514 1732 588 1789 libris
607 1734 792 1807 compositam,
816 1734 892 1790 cuius
913 1734 1018 1807 priores
1039 1741 1094 1790 tres
1117 1734 1222 1799 desunt,
1245 1734 1338 1808 paucis

186 1817 238 1883 vlt,
266 1819 323 1876 109
347 1817 387 1874 his
410 1816 628 1891 comprehendit:
661 1833 750 1890 quare
771 1818 907 1874 institutis
930 1834 981 1874 sea
1003 1818 1084 1876 tttrts
1107 1818 1336 1892 quemadmodum

183 1903 267 1959 relus
290 1904 384 1959 latina
405 1903 520 1958 nomina
543 1909 633 1958 essent
654 1904 787 1977 imposita
817 1904 855 1959 ad
883 1919 965 1959 usum
989 1910 1129 1968 nostrum,
1163 1904 1336 1976 aquistris

183 1988 288 2060 scripsi
309 1987 342 2043 P.
364 1985 508 2059 Septumio
531 1988 579 2059 qui
600 1987 669 2043 milti
689 1988 745 2059 suit
767 1996 916 2060 quaestor,
941 1989 992 2044 tris
1016 1989 1068 2044 tili
1090 2004 1206 2060 quorum
1227 1987 1273 2045 tte
1295 1996 1337 2045 est

185 2074 299 2135 tertius,
320 2073 434 2145 priores
456 2072 490 2127 de
512 2072 665 2144 disciplina
686 2073 836 2128 seriorum
857 2073 992 2144 oripinis,
1017 2073 1193 2146 posteriores
1216 2074 1250 2129 de
1271 2090 1336 2128 ver-

184 2157 282 2212 iorum
304 2156 470 2227 oripinidus
491 2157 522 2211 in
544 2157 603 2211 illis
626 2158 673 2228 qui
695 2164 760 2213 ante
782 2163 854 2220 suni,
876 2158 907 2213 in
926 2158 1018 2230 primo
1039 2159 1179 2213 columine
1201 2164 1242 2212 est
1263 2174 1336 2230 quae

185 2240 317 2296 dicantur
339 2257 390 2296 eur
412 2234 624 2318 ἐτυμολογικὴ
645 2256 735 2312 neque
758 2258 806 2297 ars
829 2242 865 2296 sit
887 2257 976 2314 neque
999 2257 1033 2296 ea
1055 2241 1133 2296 utilis
1156 2243 1207 2305 sit,
1240 2242 1270 2297 in
1291 2259 1336 2297 se·

185 2328 275 2382 cundo
295 2342 367 2399 quae
388 2326 445 2381 sint
467 2342 518 2381 aur
540 2333 566 2381 et
589 2342 637 2381 ars
661 2343 695 2382 ea
717 2327 753 2381 sit
776 2333 802 2381 et
823 2326 902 2382 utilis
923 2327 969 2390 sil,
991 2326 1023 2381 in
1045 2325 1126 2380 tertio
1149 2340 1221 2396 quae
1241 2325 1335 2395 forma

183 2411 375 2481 etpmolopiae.
408 2412 439 2466 in
472 2411 601 2467 secundis
636 2411 724 2467 tribus
759 2427 827 2483 quos
853 2411 891 2466 ad
919 2419 944 2465 te
971 2410 1051 2473 misi,
1087 2411 1153 2464 item
1179 2411 1335 2479 generatim

182 2496 326 2560 discretis,
360 2496 483 2568 primum
505 2496 536 2550 in
559 2511 613 2567 quo
635 2504 700 2551 sunt
723 2497 846 2567 oripines
868 2497 1017 2550 emiorum
1041 2495 1167 2551 locorum
1189 2501 1215 2549 et
1237 2509 1335 2549 earum

182 2596 276 2635 rernm
298 2581 423 2652 quaein
445 2580 515 2636 loeis
537 2596 598 2636 esse
618 2581 724 2644 solent,
746 2580 897 2636 secundum
919 2581 1018 2652 quidus
1039 2579 1186 2636 noealulis
1208 2586 1334 2651 tempora

181 2665 239 2720 sint
260 2671 360 2720 notata
382 2672 407 2719 et
429 2681 481 2720 eae
502 2680 548 2720 res
570 2680 644 2737 quae
664 2666 695 2721 in
718 2666 888 2738 temporibus
917 2666 1003 2738 penu
1037 2664 1135 2719 tertius
1159 2664 1256 2719 disin
1278 2679 1334 2737 qua

183 2766 201 2805 a
220 2750 313 2822 poetis
335 2750 400 2804 item
421 2757 533 2822 sumpta
554 2758 584 2804 ut
605 2751 658 2805 illo
681 2765 754 2821 quae
776 2751 837 2806 diei
858 2751 889 2805 in
911 2750 1018 2805 duodus
1040 2750 1122 2805 libris
1150 2750 1244 2804 soluta
1267 2765 1334 2805 ora·

183 2834 266 2890 tione.
311 2832 384 2891 coni.
407 2833 436 2898 V,
464 2837 489 2892 1.
512 2833 581 2889 hauc
602 2835 761 2908 tripartitam
783 2836 915 2890 rationem
936 2834 999 2891 item
1020 2833 1138 2891 secunda
1160 2850 1222 2908 pars
1244 2835 1335 2907 operis

180 2918 367 2993 persequitur,
402 2918 464 2983 Vlli,
489 2919 529 2977 24
553 2919 586 2975 de
614 2919 734 2993 analogia
763 2929 791 2976 et
818 2918 962 2976 anomalia:
997 2920 1030 2975 de
1060 2919 1160 2991 quidus
1187 2918 1333 2992 utriusque

179 3005 291 3076 generis
306 3004 541 3060 declinationibus
564 3003 651 3060 lilros
671 3005 778 3076 saniem
801 3005 844 3061 iis
866 3011 977 3070 ternos:
996 3005 1104 3077 prioris
1120 3003 1170 3060 tris
1185 3004 1220 3059 de
1235 3020 1333 3060 earum

181 3087 398 3145 declinationum
416 3088 578 3161 disciplina,
597 3091 770 3162 posteriores
792 3091 826 3146 de
848 3091 908 3145 mus
929 3090 1097 3161 disciplinae
1117 3089 1332 3162 propapinilus.

181 3172 215 3228 de
232 3175 380 3247 prioribus
398 3174 508 3246 primus
531 3174 586 3229 erit
607 3173 652 3230 nie
675 3191 747 3247 quae
769 3182 869 3231 eontra
890 3174 1100 3230 similitudinem
1115 3174 1333 3230 declinationum

181 3258 327 3322 deantur,
348 3258 489 3314 secundus
512 3274 584 3331 quae
606 3267 704 3315 contra
727 3259 995 3325 dissimilitudinem,
1026 3259 1123 3316 tertius
1146 3258 1180 3314 de
1201 3257 1332 3315 similitu·
1436 3332 1439 3337 θ

182 3342 278 3398 dinam
303 3343 411 3413 forma,
446 3344 480 3399 de
508 3343 609 3415 quidus
637 3359 710 3417 quae
739 3345 906 3417 capediero,
939 3343 1058 3416 singulis
1081 3343 1185 3407 tribus,
1219 3350 1274 3397 tum
1298 3342 1332 3397 de

183 3420 340 3498 alteris**)
364 3427 476 3484 totidem
503 3428 626 3483 serilere
649 3445 683 3485 ae
706 3429 831 3485 diuidere
853 3429 997 3501 incipiam.
1041 3429 1132 3502 itaque
1157 3427 1256 3483 alteros
1277 3433 1334 3482 tres

181 3510 272 3567 itidem
301 3511 401 3577 divisit,
435 3513 458 3567 si
486 3512 526 3568 dis
553 3512 657 3586 placet,
691 3513 724 3569 ad
751 3513 811 3571 loca
839 3523 867 3571 et
893 3521 1014 3588 tempora
1036 3522 1063 3570 et
1081 3520 1225 3587 >poetamm
1252 3526 1331 3566 usum

180 3594 295 3661 relatos,
333 3605 361 3653 et
392 3597 415 3653 si
446 3597 538 3654 eadem
571 3598 749 3656 concinnitate
782 3598 823 3656 vel
858 3599 959 3671 ingenii
993 3597 1056 3655 lusu
1093 3597 1197 3654 tertiam
1228 3603 1332 3668 partem

180 3681 374 3754 gravissimam,
411 3682 636 3756 quemadmodum
671 3681 801 3741 uocabula
836 3684 1080 3756 coniungerentur,
1116 3682 1179 3738 item
1214 3679 1332 3754 primum

181 3770 359 3840 σκεπτικῶς
380 3767 435 3827 καὶ
456 3771 663 3846 dampnatoria
668 3816 678 3848 ,
710 3778 742 3825 ut
763 3778 791 3826 et
812 3777 905 3825 contra
932 3768 1055 3841 syntaxin
1077 3775 1105 3825 et
1125 3781 1175 3840 pro
1198 3781 1228 3822 ea
1249 3773 1277 3822 et
1298 3765 1333 3822 de

183 3867 213 3908 ea
234 3850 315 3909 verba
336 3850 425 3916 iaciat,
448 3868 592 3926 aggressus
615 3863 665 3918 est,
695 3861 750 3910 tres
771 3862 932 3928 supererant
952 3851 1014 3909 libri
1035 3851 1134 3926 quihus
1157 3866 1244 3906 veram
1265 3866 1330 3907 ver-

247 4099 271 4154 *l
289 4099 342 4153 vid.
359 4098 493 4151 Riischl
511 4099 554 4153 die
573 4098 780 4153 Schriitstellerei
794 4101 840 4153 des
851 4099 884 4153 Μ.
896 4099 1032 4153 Terentius
1043 4098 1124 4153 Varro
1141 4114 1167 4166 p.
1181 4103 1204 4167 5,
1217 4100 1327 4153 44-48.

231 4165 273 4232 ”t
291 4167 428 4288 requiritur
445 4166 603 4252 uocabulum
622 4167 690 4234 qaod
708 4183 784 4235 supra
806 4167 961 4236 propagines
978 4167 1033 4249 eius
1050 4167 1200 4234 discipliuae
1220 4167 1283 4220 dixit
1300 4170 1331 4218 ut

180 4231 241 4300 vrit,
262 4239 285 4304 1,
303 4234 366 4303 vlt,
384 4235 468 4289 rode
485 4251 564 4303 capra
581 4237 735 4302 carlorum,
752 4235 784 4298 X,
803 4237 834 4291 33
853 4237 885 4287 de
901 4233 1029 4296 formulis
1043 4237 1192 4293 cerionem.

1088 4320 1125 4376 ο*
