3038 5048
448 328 561 386 LIBER
578 329 745 399 QUINTUS.
781 330 959 398 §los—110.
1245 331 1284 390 45

146 500 220 566 dum
243 500 328 584 quod
350 521 369 568 e
389 508 473 569 terra
493 502 602 585 ruitur,
625 502 747 584 Ruapa,
770 502 855 567 unde
875 502 974 585 Rapa.
1011 500 1093 568 Olea
1114 503 1156 569 ab
1179 504 1284 587 elasa,

143 604 219 670 olea
239 603 369 686 pandis
390 601 543 687 Orohitis,
573 604 658 686 quod
680 623 751 669 eam
772 604 871 670 Attioi
896 596 987 688 ὄρχιν
1009 607 1139 688 μορίαν.
1204 603 1287 669 Hino
1308 603 1329 682 ξ
1353 603 1413 668 109

143 703 189 770 ad
209 704 341 790 pecudis
364 725 491 772 earnem
512 711 701 790 perventum
723 711 780 771 est.
825 701 881 790 [Ut
902 704 940 767 ab
958 702 1024 787 sue]
1046 705 1150 771 Suilla
1174 705 1222 771 sio
1243 704 1285 771 ab

146 807 218 873 aliis
254 808 423 892 generibus
460 807 690 891 oognominata.
734 806 816 873 hano
852 806 955 890 primo
988 825 1110 889 assam,
1146 805 1286 873 seeundo

112 908 281 992 selixam,
311 908 404 975 tertio
426 929 445 976 e
466 910 535 975 iure
555 907 604 974 uti
625 908 769 991 coepisse
795 913 909 975 natura
931 908 1033 976 dotet.
1078 909 1206 974 Diotum
1228 907 1287 972 As·

146 1027 215 1074 sum
237 1010 323 1091 quod
350 1010 384 1077 id
413 1012 455 1076 ab
482 1009 550 1093 igni
577 1008 769 1094 assudeseit3
802 1010 946 1077 suoidum
971 1011 1054 1077 enim
1078 1005 1163 1091 quod
1184 1003 1286 1071 hnmi-

146 1110 232 1195 dum,
255 1117 288 1178 et
309 1112 383 1179 ideo
404 1114 460 1179 ubi
481 1112 515 1178 id
536 1132 599 1178 non
622 1116 681 1194 est,
702 1131 795 1179 susus
817 1111 925 1197 abest3
959 1119 990 1178 et
1011 1110 1085 1178 ideo
1107 1107 1285 1176 sudandum
1296 1127 1370 1181 (uus
1380 1126 1438 1180 spo

147 1232 255 1279 assum
277 1213 420 1282 destillat
441 1216 562 1295 aalore,
592 1219 624 1280 et
645 1219 679 1279 ut
701 1213 833 1279 orudum
861 1213 992 1280 nimium
1017 1213 1115 1280 habet
1136 1209 1285 1292 humoris,

146 1313 193 1379 sio
224 1322 390 1382 exoootum
422 1337 536 1400 parum
568 1315 666 1381 habet
697 1315 774 1380 suoi.
816 1314 945 1381 Elixum
976 1334 995 1380 e
1027 1314 1151 1398 liquore
1182 1330 1286 1394 aquae

91 1427 124 1479 ro
147 1415 276 1501 dietum,
307 1424 339 1484 et
360 1438 402 1483 ex
423 1419 501 1500 iure,
530 1416 616 1500 quod
637 1416 808 1482 ineundum
833 1418 935 1499 magis
954 1417 1144 1485 eonditione.
1210 1413 1287 1480 Sue·
1308 1412 1328 1491 §
1352 1415 1412 1476 110

145 1516 229 1583 oidia
257 1518 299 1584 ab
328 1519 438 1586 suibus
466 1517 652 1602 medendis
690 1539 764 1585 nam
791 1518 826 1584 id
853 1538 950 1604 pecus
976 1518 1113 1603 primum
1140 1513 1286 1583 ouoidere

145 1626 315 1701 eoeperunt
344 1619 463 1687 domini
494 1628 526 1688 et
552 1626 586 1687 ut
608 1627 772 1687 servarent
796 1620 921 1687 saliere.
965 1622 1073 1703 Tegus
1095 1620 1162 1686 suis
1183 1618 1225 1685 ab
1247 1626 1438 1684 eorsum-¹1

145 1719 231 1801 quod
253 1741 291 1786 eo
313 1722 440 1805 tegitur.
468 1724 573 1789 Perna
587 1743 608 1788 a
621 1721 719 1807 pede,
746 1723 854 1789 Sueris
876 1743 896 1788 a
917 1721 1045 1788 nomine
1068 1721 1145 1789 eius.
1178 1718 1286 1785 Otiula

143 1821 186 1886 ab
214 1822 294 1905 osta,
327 1824 459 1890 minima
486 1844 586 1891 suere.
630 1824 747 1891 Insioia
780 1823 821 1889 ab
856 1844 893 1891 eo
928 1822 1014 1906 quod
1046 1823 1168 1889 inseota
1201 1840 1285 1904 earo,

228 1955 251 2008 F
270 1954 316 2011 fol.
336 1957 378 2010 8b
397 1956 480 2011 offula
497 1959 541 2012 ab.

230 2079 243 2130 1
262 2079 369 2131 eterra
386 2074 485 2141 ruitur]
508 2076 623 2148 scripsi,
649 2080 772 2131 eterrae
789 2091 853 2130 rure
876 2075 978 2144 libri,
1005 2091 1021 2130 e
1043 2079 1119 2129 terra
1144 2077 1286 2129 erueretur

143 2158 343 2228 Turnebus,
355 2157 433 2230 ‘fort
445 2165 543 2215 eterra
552 2157 695 2216 eruerunt‘
704 2161 774 2229 LSp.
794 2161 967 2229 quodrusret
976 2175 991 2213 e
1000 2159 1204 2226 rurovulg.erc
1211 2159 1242 2212 Β.
1252 2188 1287 2196 -

141 2242 202 2297 elea
219 2242 316 2312 libri,
344 2261 415 2299 corr.
433 2243 621 2301 Victorius.
648 2275 682 2284 -
708 2245 828 2310 ratuni]
852 2245 928 2314 LSp,
955 2243 1039 2298 attico
1058 2242 1089 2309 F,
1117 2242 1229 2310 antiquo
1246 2241 1286 2309 M,

142 2327 283 2397 antiquam
306 2329 345 2399 Η,
372 2329 478 2399 antiqui
500 2331 584 2398 abo,
609 2327 760 2398 antiquitus
782 2330 821 2398 B,
838 2330 975 2384 Laetus.
1004 2359 1035 2365 —
1064 2322 1146 2400 ὄρχιν
1168 2327 1286 2398 μορίαν]

142 2413 251 2483 scripsi,
269 2416 370 2468 orchen
381 2431 457 2470 mora
470 2415 502 2482 F,
520 2418 698 2470 orohenmora
716 2414 790 2482 alii,
809 2408 973 2487 ὀρχέμορον
984 2413 1178 2478 Buttmann,
1196 2409 1286 2463 orchi-

142 2497 248 2552 morian
265 2497 399 2553 Miller.
418 2531 451 2538 —
469 2504 483 2553 3
503 2503 535 2554 ut
552 2499 587 2553 ab
599 2503 656 2563 sus]
675 2499 777 2554 addidi.
805 2504 967 2569 perventum
985 2500 1026 2551 est
1038 2500 1069 2550 ut
1081 2495 1162 2550 suilla
1173 2497 1206 2561 B,
1222 2511 1286 2565 per·

143 2586 260 2636 rentum.
279 2587 309 2637 ut
328 2583 408 2637 suilla
425 2583 558 2639 Miller.
593 2577 668 2653 ‘fort
688 2585 808 2654 suillam,
833 2583 953 2652 ovillam,
975 2582 1015 2637 sio
1036 2581 1071 2636 ab
1089 2580 1163 2634 illius
1179 2578 1286 2647 generi-

144 2667 195 2720 bus
207 2665 434 2732 cognominatam’
454 2669 524 2737 LSp.
543 2698 577 2707 —
594 2668 675 2723 suilla
689 2686 762 2724 corr.
773 2686 812 2726 ex
829 2668 903 2724 suilli
919 2667 951 2721 F.
971 2697 1004 2706 —
1022 2667 1058 2722 ab
1070 2665 1140 2730 aliis]
1153 2664 1287 2731 Mulier,

142 2750 178 2804 ab
196 2748 241 2803 ilis
259 2749 292 2818 F,
309 2751 408 2805 habilis
426 2752 488 2822 Vp,
512 2752 547 2806 ab
565 2752 619 2808 illis
638 2754 753 2808 soteri.
788 2757 857 2825 fort.
876 2753 912 2808 ab
931 2749 996 2824 suis.
1016 2782 1049 2790 —
1067 2755 1084 2805 4
1100 2751 1180 2815 hano]
1199 2750 1286 2819 vulg.

144 2849 181 2888 ex
198 2834 231 2900 Β,
248 2833 312 2888 hino
330 2834 422 2890 libri.
448 2833 527 2907 ‘sort
545 2840 598 2893 has
618 2878 642 2891 ..
661 2854 725 2893 assa
744 2879 768 2891 ..
788 2834 871 2893 olixa'
891 2839 962 2907 LSp.
986 2868 1018 2877 -
1045 2835 1185 2905 bcepisso
1202 2835 1235 2889 F.
1253 2862 1288 2872 —

144 2918 233 2983 docet]
251 2925 394 2990 exspectes
410 2921 518 2991 docuit,
536 2924 710 2995 quodetiam
726 2922 787 2993 LSp
806 2924 870 2977 olim
888 2923 1004 2977 voluisse
1023 2920 1139 2975 uidetur.
1158 2949 1190 2959 -
1207 2915 1286 2988 ‘fort

144 3019 235 3057 assum
247 3000 361 3058 diotum'
381 3006 452 3078 LSp.
485 3008 565 3062 immo
584 3015 657 3064 reste
674 3009 778 3063 dictum
795 3025 886 3063 assum
904 3007 978 3077 quod
994 3008 1049 3060 iam
1066 3021 1153 3076 supro
1165 3004 1287 3075 positum

144 3095 184 3143 est
201 3105 303 3157 assam3
331 3091 406 3160 conf.
425 3092 464 3145 VI
485 3092 502 3161 ξ
520 3096 534 3146 8
558 3092 633 3148 dicta
654 3093 765 3161 bruma,
792 3093 858 3161 Vll,
877 3097 909 3146 95
934 3091 1037 3146 dictum
1059 3089 1182 3144 mandier
1199 3088 1236 3143 ot.
1254 3118 1288 3127 -

145 3194 160 3244 6
178 3159 313 3248 assudessit
324 3192 368 3245 F².
381 3223 415 3232 —
427 3194 561 3258 tucidum]
572 3196 680 3265 sertpsi,
701 3195 813 3250 ubidum
824 3195 856 3263 F,
876 3194 990 3248 uuidum
1001 3192 1124 3248 aeteri.
1138 3220 1170 3230 -
1189 3195 1203 3243 'l
1216 3189 1287 3254 ideo]

143 3274 208 3330 indo
225 3275 358 3331 Miller.
385 3274 537 3345 ‘forteal'
554 3277 625 3348 LSp.
643 3310 677 3319 —
695 3279 818 3334 sudando
836 3279 976 3334 Laetus.
996 3308 1028 3317 -
1047 3281 1062 3332 8
1081 3275 1181 3342 calore]
1200 3274 1286 3343 vulg.

143 3376 182 3414 ex
198 3361 222 3414 B
240 3361 288 3430 qui
305 3361 376 3414 enim
388 3363 560 3432 praemittit,·
579 3364 696 3419 calorem
713 3362 811 3430 libri,
830 3365 969 3418 humorem
980 3362 1114 3417 Miller.
1140 3357 1217 3431 ‘sort
1235 3362 1287 3413 bu·

144 3442 246 3497 midum
263 3450 292 3499 et
306 3445 369 3499 ideo
388 3448 540 3500 sudandum
557 3464 649 3502 assum
667 3447 787 3502 destillat
804 3447 895 3502 calore
912 3447 1006 3501 stubi
1026 3447 1055 3501 id
1071 3463 1127 3502 non
1145 3450 1187 3501 est
1204 3460 1286 3500 susus

144 3524 235 3583 abest'
246 3529 317 3599 LSp.
335 3559 369 3568 —
389 3526 638 3602 100t1‘forr.del.’
657 3532 729 3601 LSp.
747 3562 782 3571 -
799 3531 869 3596 iure]
888 3532 920 3600 (l,
931 3532 1075 3600 Laetus,
1092 3531 1153 3586 iuro
1165 3530 1198 3599 F,
1216 3529 1288 3584 unde

140 3612 269 3683 plerique
286 3612 354 3667 uiro.
373 3644 405 3653 -
430 3616 593 3682 conditione]
612 3617 767 3672 conditione
784 3616 845 3670 susi
861 3616 996 3671 Laetus.
1009 3647 1043 3656 —
1062 3621 1091 3671 11
1106 3613 1235 3669 cedendis
1253 3613 1286 3668 F.

143 3726 179 3738 —
198 3701 229 3750 12
247 3703 380 3767 oeperunt
397 3698 430 3752 F.
448 3729 482 3738 —
499 3701 605 3767 tallere]
624 3719 651 3768 o,
680 3702 771 3756 sallire
788 3702 821 3769 F,
848 3701 930 3756 salire
948 3701 1072 3767 ceteri,
1096 3700 1183 3754 solere
1199 3698 1288 3767 vulg.

146 3783 268 3837 Diomed.
286 3801 314 3851 p.
334 3787 383 3837 375
400 3783 439 3837 K:
468 3784 567 3841 Sallior
583 3787 711 3856 frequens
728 3787 836 3840 videtur
853 3786 1006 3854 attritum,
1030 3788 1062 3839 ut
1078 3783 1200 3853 perfeeto
1219 3785 1288 3838 tem-

144 3883 212 3937 pore
230 3868 317 3922 salsus
336 3885 395 3922 sum
412 3869 542 3925 dieamus.
571 3871 620 3925 sed
631 3876 735 3927 ueteres
748 3870 951 3939 ambiguitatem
967 3868 1157 3938 appellationis
1169 3867 1286 3923 uitantes

145 3956 174 4007 et
186 3953 338 4020 analogiam
351 3958 493 4022 sequentes
507 3954 617 4010 Sallitus
635 3972 695 4011 snm
713 3956 843 4010 dixerunt
854 3971 872 4009 a
882 3955 1017 4024 positione
1030 3954 1106 4020 sallo,
1125 3968 1181 4006 non
1199 3952 1287 4022 sallio,

145 4041 193 4092 ut.
205 4079 211 4092 .
223 4079 229 4092 .
239 4038 327 4092 Varro
340 4039 376 4093 ad
387 4037 545 4093 Ciceronem
556 4039 665 4107 quinto:
683 4044 719 4095 ut
730 4043 911 4095 seruarent
923 4037 1061 4093 sallsra.
1080 4068 1113 4077 —
1131 4040 1218 4105 tagus]
1231 4041 1287 4092 ter·

146 4137 195 4190 gns
213 4122 351 4177 Laetus.
370 4153 402 4160 —
423 4125 453 4176 13
472 4123 567 4189 suetis]
586 4139 678 4178 sueres
697 4124 861 4195 Scaliger.
880 4153 913 4163 -
931 4123 1076 4186 anomine]
1096 4138 1130 4176 ex
1142 4121 1287 4177 abdomine

147 4205 279 4262 Miller.
299 4237 331 4247 -
359 4212 390 4261 14
409 4208 443 4261 ab
462 4207 525 4272 offa]
545 4207 621 4262 diota
638 4209 672 4262 ab
691 4209 745 4264 offa
763 4209 903 4272 Laetus,
929 4208 1004 4262 dicta
1021 4211 1052 4261 ut
1070 4205 1124 4261 offa
1140 4206 1230 4275 vulg.
1250 4221 1288 4260 esc

147 4292 178 4346 B.
195 4322 231 4334 —
256 4293 365 4347 minime
381 4309 408 4362 p.
433 4323 466 4332 —
493 4308 541 4347 sne
558 4308 590 4348 re
607 4293 638 4362 F,
665 4309 762 4349 suerae
779 4293 818 4361 H,
840 4293 870 4346 in
887 4307 966 4346 suere
983 4292 1021 4360 B,
1039 4290 1236 4361 Scioppius,
1257 4291 1288 4346 in
