3038 5048
178 255 260 295 mn
677 239 815 296 Pnelotio.

179 413 274 474 deletis
295 414 433 476 vocabulis
453 417 529 476 oller
549 416 623 476 coeli
642 417 748 497 integer
768 418 859 483 adest,
890 419 965 492 prior
989 431 1052 474 vero
1073 417 1283 492 corruptissime
1304 419 1335 476 in

178 498 220 558 his
241 500 321 560 latet:
344 511 450 578 temptor
472 518 533 561 eres
554 503 651 562 dicem
670 503 852 560 intervallum
871 503 969 560 muudi
989 510 1017 559 ct
1036 509 1139 559 motor.
1159 501 1192 558 id
1206 503 1335 561 &omum

178 585 211 643 is
235 595 335 661 motor
363 588 472 663 olipwt
500 589 537 647 nl
564 588 635 646 tolie
655 594 683 645 ct
703 587 788 645 irtaco
809 603 905 645 curru
933 589 1032 661 itopsc
1053 586 1090 644 ob
1112 602 1209 643 contro
1232 595 1334 646 tenore

180 677 333 746 tcnpcroto
356 682 463 748 usipus
478 674 589 739 dictum
611 672 687 730 crde
708 673 871 746 tempestiuo
894 680 920 729 et
940 689 961 729 o
981 680 1057 728 motu
1079 687 1175 728 mmet
1196 673 1249 745 psi
1273 680 1334 732 toto

179 756 260 815 coelo
282 758 447 815 cortiuactrta
466 759 587 816 mordeo
608 758 669 815 deo.
712 755 806 815 Notos
828 773 897 814 coru
917 758 1002 821 oeuit,
1029 772 1085 830 prro
1107 765 1216 830 teatpttr
1237 758 1271 814 t'd
1294 760 1333 817 ab

179 839 233 898 boc
254 843 307 899 deo
327 844 388 901 dier
409 844 580 917 appellatur.
614 842 712 899 iamin
735 840 851 917 Scioppii
872 842 989 899 editione
1010 841 1161 899 invenimus
1180 856 1333 901 excusum:

182 963 222 985 ..
244 933 351 1002 tenpus
372 929 489 992 Most,
516 928 591 984 unde
612 934 777 1001 temperas.-
808 943 882 984 usca
902 935 993 984 motor
1013 925 1083 985 solis
1105 932 1161 991 eat,
1192 941 1250 1000 prro
1274 935 1336 986 toto

180 1012 344 1068 coniunctus
365 1013 467 1068 musco
489 1014 526 1067 ob
549 1018 613 1067 ortu
632 1012 664 1068 irs
685 1026 816 1067 occasura
836 1013 926 1079 omit,
960 1018 1066 1087 tempor
1089 1011 1122 1069 id
1141 1011 1178 1068 ob
1200 1009 1256 1068 boc
1279 1013 1336 1071 deo

180 1096 241 1153 dier
262 1096 435 1168 appellatur.
464 1095 639 1153 audacissime
665 1096 773 1169 quidem
798 1095 864 1154 haec
884 1106 950 1155 sunt
969 1096 1066 1162 inlata,
1097 1095 1146 1154 sod
1166 1094 1200 1152 ad
1222 1112 1283 1154 rem
1308 1108 1338 1158 et

179 1196 287 1237 sensum
315 1179 389 1254 qnod
417 1180 514 1238 attinet
534 1179 683 1246 verissime,
715 1179 796 1255 digna
822 1198 886 1240 sane
908 1181 992 1240 Vulvii
1013 1180 1100 1239 Ursini
1120 1179 1245 1253 ingenio,
1282 1199 1338 1242 nec

179 1264 250 1321 eninr
272 1261 378 1321 aliunde
400 1274 460 1321 nata
481 1264 616 1329 existimo,
640 1264 668 1320 in
689 1282 745 1340 quo
763 1266 847 1324 miror
870 1275 1008 1325 auctorem
1032 1266 1110 1324 huius
1135 1265 1337 1326 emendationis

180 1346 303 1404 codicum
324 1349 432 1422 vestigia
454 1366 508 1406 non
530 1349 613 1406 artius
635 1351 780 1424 pressisse;
803 1368 864 1408 nam
885 1353 982 1410 Laetus
1004 1368 1084 1426 quem
1106 1349 1222 1407 editores
1245 1353 1339 1410 secuti

179 1439 259 1498 sunt,
282 1432 316 1490 de
334 1449 385 1490 suo
408 1434 459 1490 deo
480 1440 570 1491 motura
592 1434 681 1498 dedit,
704 1436 797 1510 scripti
817 1435 878 1494 libri
900 1453 992 1494 omncs
1014 1436 1140 1494 exhibent
1159 1435 1216 1491 duo
1238 1444 1337 1494 motus

180 1533 250 1574 cocu
264 1519 349 1590 scuit,
371 1519 443 1577 unde
463 1519 491 1576 in
513 1518 600 1575 medio
622 1518 744 1577 lacunam
765 1521 853 1578 inesse
875 1523 1044 1596 duorumque
1064 1528 1186 1578 motuum
1209 1520 1337 1594 priorem

180 1603 366 1679 quotidianum
393 1604 459 1661 solis
480 1603 526 1678 qni
548 1602 644 1662 dicitur
666 1621 775 1663 cursum
797 1605 910 1663 describi
931 1615 1056 1681 apparet:
1090 1605 1116 1662 id
1137 1612 1170 1661 ut
1190 1605 1337 1680 perspice-

179 1696 256 1746 retur
278 1698 405 1763 totusque
427 1688 552 1746 Varronis
574 1687 650 1746 locus
672 1699 745 1747 reete
765 1690 976 1765 intelligeretur,
1003 1690 1179 1766 Scioppianae
1201 1688 1336 1749 debemus

180 1789 340 1831 recensionr.

266 1856 307 1922 Vl,
324 1860 361 1917 31
379 1855 447 1913 Dies
463 1859 511 1931 qui
524 1867 643 1916 uocatur
663 1860 720 1917 sic:
743 1860 856 1935 quoado
870 1876 923 1917 reu
937 1861 1099 1925 comitiavit,
1121 1859 1178 1932 sas.
1198 1859 1334 1918 tediatus

181 1942 218 1998 nb
235 1958 267 1998 eo
283 1943 357 2014 qood
371 1958 403 1998 eo
419 1943 463 1999 dic
478 1960 530 1999 ren
544 1944 721 2018 sacrificulos
736 1947 813 2002 diem
834 1946 874 2003 od
895 1945 1043 2010 comitium,
1067 1946 1106 2001 od
1126 1944 1200 2018 quod
1221 1951 1333 2018 tempos

181 2033 222 2083 est
249 2025 348 2098 nefas,
380 2027 417 2084 ab
446 2043 478 2083 co
503 2027 561 2100 sos.
605 2029 717 2087 Ursinus
738 2030 772 2087 ad
794 2030 901 2088 Vestum
923 2048 951 2104 p.
976 2032 1014 2090 23
1039 2072 1047 2090 ,
1069 2070 1076 2086 .
1101 2070 1109 2087 .
1132 2029 1206 2103 good
1228 2045 1260 2085 oo
1285 2030 1334 2086 die

181 2127 234 2168 rec
255 2112 433 2184 sacrificulus
454 2112 508 2169 itot
529 2115 569 2172 od
590 2116 732 2172 comitium
755 2157 761 2171 .
786 2159 792 2172 .
814 2116 856 2172 sio
878 2116 952 2173 enirn
973 2116 1105 2188 legendus
1131 2113 1237 2179 Varro,
1271 2131 1332 2172 ποτε

179 2203 211 2252 art
225 2197 333 2252 amicos
347 2212 434 2264 meos,
456 2200 532 2271 quod
553 2215 584 2256 oo
606 2201 651 2257 die
672 2217 725 2257 ren
745 2201 889 2277 sacrificat
911 2202 950 2259 od
971 2201 1134 2257 comitium.
1151 2242 1157 2256 .
1174 2215 1234 2255 ,en
1252 2197 1333 2256 Festi

183 2289 276 2338 cotem
297 2280 454 2354 fragmento
478 2325 509 2340 ..
531 2299 603 2349 τΑΤ
622 2287 695 2343 sotis
713 2293 794 2360 patet
816 2287 894 2360 opud
919 2284 1071 2344 Varronem
1091 2287 1163 2342 itot
1184 2284 1332 2355 legendum

184 2383 245 2424 ease
257 2383 312 2440 pro
328 2368 438 2425 dicut.
469 2368 612 2437 Quaeritur
626 2371 687 2446 quis
704 2371 750 2428 ille
771 2372 806 2429 sit
827 2370 913 2428 Fulvii
935 2371 1043 2436 amicus,
1066 2387 1129 2427 narn
1151 2369 1224 2425 lrunc
1244 2369 1334 2442 ipsum

184 2460 294 2510 secutus
316 2461 357 2509 est
379 2453 519 2528 Scioppius
540 2456 568 2512 in
590 2456 708 2514 editione
729 2473 786 2522 sua,
809 2473 898 2530 neque
912 2455 938 2511 in
955 2454 1025 2512 Vestl
1039 2454 1159 2529 exemplo
1178 2470 1206 2528 p.
1224 2454 1273 2518 87,
1294 2456 1333 2512 16

185 2535 270 2612 (278,
296 2540 333 2596 15
357 2537 403 2612 bl.)
420 2580 427 2595 .
444 2580 451 2595 .
468 2554 548 2605 τΑτ,
572 2541 619 2597 sed
634 2585 642 2601 .
659 2583 666 2598 .
682 2556 730 2606 Ατ
753 2549 834 2599 extat.
877 2541 932 2598 Nisi
953 2541 1034 2616 igitur
1055 2539 1167 2598 Ursinus
1188 2539 1245 2613 ipse
1267 2555 1334 2595 sen-

184 2622 292 2678 tentiam
315 2639 390 2679 suam
411 2626 530 2691 mutavit,
557 2624 670 2682 aliorum
692 2626 769 2683 etiarn
791 2626 896 2684 ineditis
919 2627 1004 2701 copiis
1024 2625 1166 2701 Scioppius
1188 2640 1253 2681 usus
1275 2631 1332 2689 θεῖς

184 2705 315 2780 quidquid
337 2715 393 2774 est,
426 2708 524 2766 multas
546 2710 570 2766 ei
592 2708 718 2768 debemus
740 2713 852 2785 gratias,
886 2713 933 2786 qui
960 2711 1060 2768 utinam
1090 2726 1183 2767 omnes
1214 2707 1333 2765 omnium

185 2791 326 2848 doctorum
347 2791 418 2850 illius
439 2793 533 2850 aetatis
554 2809 632 2850 ouras
654 2794 766 2851 Varroni
787 2795 900 2853 feliciter
926 2802 1034 2850 navatas
1061 2809 1110 2849 seu
1137 2794 1195 2849 iure
1216 2808 1265 2847 seu
1287 2791 1333 2845 in-

186 2875 255 2932 iuria
276 2876 439 2951 conquisitas
460 2878 487 2933 in
509 2876 647 2950 publicum
668 2878 806 2936 edidissetl
841 2895 900 2935 nam
928 2875 1043 2933 multum
1064 2874 1129 2930 haec
1152 2889 1203 2929 nos
1224 2872 1333 2928 adiuvat

184 2961 317 3026 recensio,
339 2977 419 3034 quarn
440 2960 559 3035 Scioppii
581 2979 663 3036 opera
685 2963 836 3020 conlectam
857 2977 913 3018 non
935 2976 994 3017 esse
1015 2955 1191 3014 certissimum
1213 2961 1263 3010 est.

270 3045 411 3120 Scioppius
432 3061 514 3120 porro
535 3046 583 3103 has
605 3045 733 3104 lectiones
754 3047 782 3104 in
804 3045 923 3120 margine
943 3040 1086 3118 proponit,
1119 3055 1186 3115 quas
1211 3039 1246 3096 ab
1271 3038 1330 3111 ipso

185 3129 320 3205 prolectas
341 3147 400 3188 esse
421 3146 586 3188 censeamus.
620 3130 651 3197 V,
668 3133 707 3191 92
729 3132 815 3188 miser
835 3147 855 3187 o
875 3129 976 3192 moos,
998 3126 1045 3183 cui
1065 3125 1157 3183 misso
1179 3126 1258 3184 ottilo
1280 3121 1331 3198 cst]

185 3215 253 3288 sort.
274 3214 374 3286 rtt'bt'lo,
396 3216 486 3289 potins
507 3215 566 3273 bilo
588 3233 649 3274 cum
670 3215 815 3283 Palmerio;
838 3213 990 3290 genetivum
1003 3210 1086 3270 sibili
1100 3213 1224 3286 agnoscit
1237 3211 1331 3276 Varro,

186 3298 329 3359 ablativum
349 3300 439 3357 rtiltilo
460 3300 613 3376 improbare
634 3302 748 3361 videtur.
1015 3296 1017 3301 ⁴

273 3385 303 3452 V,
322 3387 378 3443 117
395 3386 503 3442 cauom
516 3387 562 3443 oel
575 3388 650 3460 quod
670 3404 705 3445 co
726 3387 858 3445 comeare
879 3400 959 3441 roomo
978 3380 1079 3457 poscit]
1101 3382 1169 3455 fort.
1193 3401 1265 3459 opus
1286 3383 1333 3440 rit.

187 3470 326 3546 quaeritur
341 3469 373 3527 de
388 3471 521 3528 varicandi
534 3471 741 3546 significatione;
764 3473 788 3529 si
810 3479 851 3530 est
871 3465 1087 3549 ὑπερβαίνειν,
1109 3472 1184 3546 quod
1207 3469 1334 3546 glossaria

187 3555 307 3623 uadunt,
329 3571 393 3612 sana
414 3564 455 3612 est
475 3554 593 3631 vulgata.

273 3643 293 3715 ᾗ
317 3642 375 3700 138
397 3641 429 3697 io
450 3639 528 3715 cere]
549 3640 617 3713 fort.
639 3658 719 3699 area.

319 3725 377 3785 ttt
401 3726 448 3783 bes
469 3733 499 3782 rtt
521 3726 588 3783 olim
609 3724 667 3802 des]
690 3727 711 3798 s.
733 3727 810 3783 duco.

320 3812 378 3872 178
401 3826 570 3907 concessum.
614 3811 646 3870 Si
675 3808 769 3885 datur]
801 3810 825 3883 s.
854 3827 1014 3869 concessum
1046 3812 1092 3869 sit.
1135 3807 1255 3868 Datum,
1295 3803 1334 3860 sic

276 3977 317 4050 Vl,
340 3983 381 4040 64
398 3895 527 4056 ἲιῖξιῗηοῗ
538 3914 565 4054 ¹}-
588 3980 708 4046 oomt'rte,
730 3978 808 4037 male.

296 4063 315 4135 δ
340 4067 379 4124 80
402 4063 557 4141 Actiacum]
578 4066 601 4139 f.
624 4064 772 4122 Attianum.

274 4144 329 4213 Vll»
354 4151 389 4207 11
416 4149 488 4226 quis]
509 4151 532 4224 s.
553 4168 619 4209 num
641 4151 719 4222 quia,
741 4151 830 4208 invitis
852 4155 978 4210 numeris.
