3038 5048
589 320 677 374 Satura
697 321 792 374 critica,
1167 339 1263 377 cxxxv

116 548 117 553 ,
200 497 356 554 Praeterea
378 511 439 551 cum
460 496 517 550 sint
538 496 575 552 ab
599 497 694 551 eodem
723 495 831 567 origine
858 497 1006 552 uerborum
1035 499 1174 554 uocabula
1202 499 1262 554 dis-

201 582 308 638 similia
329 581 519 652 superiorum,
554 581 628 651 quod
649 580 733 636 simul
754 579 858 636 babent
880 597 963 636 casus
986 590 1010 637 et
1034 590 1173 655 tempora,
1208 599 1262 655 quo

200 673 337 723 uocantur
362 666 533 738 participia,
567 672 593 720 et
620 666 708 721 multa
733 665 790 720 sint
816 667 976 731 contraria,
1009 666 1262 741 utamoram01),

203 768 267 807 seeo
283 748 407 822 secor²)‚
424 751 459 806 ab
484 767 546 806 amo
563 758 589 807 et
605 751 740 806 eiusmodi
763 750 888 806 omnibus
910 752 1003 807 uerbis
1026 752 1157 808 oriuntur
1175 769 1263 825 prae·

201 853 274 901 sens,
299 844 324 890 et
345 835 485 907 saturum,
509 844 534 891 et
557 852 656 891 amans
679 843 705 890 et
728 843 889 901 amaturus,
917 838 952 892 ab
976 837 1016 892 eis
1037 837 1129 893 uerbis
1153 839 1263 894 tertium

203 923 277 994 quod
291 921 370 976 debet
379 919 402 991 3)
417 921 485 993 fingi
497 921 647 993 praeteriti
661 922 692 976 ln
708 921 805 992 lingua
821 921 913 977 latina
935 923 1056 994 reperiri
1077 939 1134 978 non
1155 930 1260 994 potest3

202 1014 320 1063 nonest
343 1022 408 1078 erpo
431 1006 576 1078 analogia.
620 1007 663 1062 sic
686 1006 721 1062 ab
746 1021 826 1061 arnor
848 1013 873 1061 et
895 1007 973 1079 lepor
996 1015 1022 1062 et
1044 1008 1179 1064 eiusmodi
1200 1024 1262 1063 uer-

204 1092 246 1147 bis
268 1091 436 1147 vocabulum
459 1091 518 1147 eius
539 1092 649 1162 pencris
668 1092 818 1163 praeteriti
841 1093 971 1164 temporis
993 1093 1037 1165 fit,
1064 1100 1094 1148 ut
1117 1093 1261 1162 amaturi)

203 1176 291 1250 [cram
313 1192 373 1231 sum
396 1174 468 1249 cro]‚
502 1192 590 1248 neque
616 1177 767 1249 praeteriti
796 1183 822 1232 et
849 1175 939 1247 futuri
968 1178 1003 1233 ab
1026 1178 1070 1234 bis
1091 1180 1122 1251 fit
1146 1219 1153 1233 .
1177 1220 1183 1232 .
1206 1194 1263 1233 non

203 1269 244 1317 est
268 1278 332 1333 erpo
356 1261 500 1333 analogia,
523 1262 690 1334 pracsertim
713 1278 773 1319 cura
796 1268 888 1318 tantus
910 1279 1040 1319 numerus
1062 1263 1272 1323 uocabulorum.

203 1347 233 1403 in
266 1363 297 1403 co
325 1362 427 1419 genere
454 1347 595 1403 introierit
606 1346 637 1419 ⁵),
676 1348 749 1419 quod
771 1347 896 1404 dicimus.
940 1349 971 1403 in
999 1347 1043 1404 bis
1070 1348 1163 1404 uerbis
1192 1359 1263 1420 quac

203 1433 348 1488 contraria
370 1449 426 1488 non
447 1431 561 1496 babent,
585 1432 717 1505 loquore)
741 1440 767 1487 et
788 1449 884 1497 venor,
908 1440 1000 1488 tamen
1016 1433 1132 1490 dicimus
1147 1434 1261 1505 loquens

204 1525 229 1573 et
257 1533 378 1581 cenans,
413 1519 557 1573 locuturus
580 1525 606 1572 et
628 1523 796 1582 venaturus,
831 1518 904 1590 quod
932 1519 1082 1573 secundum
1111 1519 1262 1590 analogias

202 1619 259 1658 non
287 1610 342 1667 est,
376 1603 509 1675 quoniam
537 1603 654 1657 dicimus
683 1602 782 1673 loquor
812 1610 838 1658 et
865 1619 966 1668 venor,
1000 1604 1074 1659 unde
1101 1603 1154 1659 illa
1182 1610 1264 1658 erant

202 1689 353 1760 superiora
382 1688 488 1743 eminus
516 1694 680 1751 seruantur,
715 1688 789 1758 quod
817 1686 929 1760 [cum]⁷)
960 1703 994 1742 ea
1022 1687 1066 1744 lu's
1095 1703 1167 1759 quac
1197 1704 1263 1743 con·

204 1773 296 1829 traria
318 1773 406 1827 cerba
427 1789 484 1827 non
506 1771 611 1828 babent
633 1772 694 1827 alia
717 1772 840 1845 efficiunt
863 1779 958 1838 terna,
989 1780 1019 1829 ut
1041 1789 1076 1828 ea
1098 1789 1169 1844 quae
1192 1773 1261 1837 diat,

203 1858 264 1914 alia
287 1858 369 1922 bina,
392 1864 421 1912 ut
444 1873 479 1912 ea
501 1874 573 1930 quae
595 1857 687 1912 dicam
710 1873 825 1913 currens
848 1859 1013 1924 ambulares,
1045 1875 1176 1914 cursurus
1200 1874 1263 1914 am·

203 1943 363 2008 bulatnrus;
400 1943 483 1998 tertia
511 1943 584 1997 enim
608 1942 760 2014 praeteriti
787 1959 844 1998 non
872 1949 950 2007 sunt,
984 1952 1015 1998 ut
1043 1960 1140 2000 cursus
1170 1940 1260 2017 [sum],

202 2029 360 2084 ambulatus
382 2025 472 2100 [sunl.

118 2112 144 2166 in
167 2113 207 2168 his
230 2112 337 2186 egregie
360 2113 475 2168 correxit
496 2112 593 2168 Laetus
616 2111 715 2183 loquor
737 2118 762 2166 et
784 2127 871 2166 uenor
892 2113 974 2176 unde,
998 2129 1058 2167 nam
1079 2113 1107 2166 in
1129 2110 1203 2167 libris
1225 2120 1264 2168 est

118 2198 218 2269 loquor
240 2197 266 2253 el
290 2202 426 2252 uenerunt
454 2197 502 2261 de,
536 2197 583 2253 sed
611 2196 680 2252 male
708 2195 776 2252 idern
804 2195 944 2252 relativum
971 2197 1083 2252 inseruit
1110 2197 1163 2252 illa
1192 2212 1264 2269 quae

118 2290 213 2348 erant,
241 2298 291 2338 nec
319 2280 414 2338 Mulier
442 2280 532 2337 locum
560 2280 706 2354 expedivit:
737 2281 811 2336 unde
837 2281 891 2336 illa
919 2282 1070 2354 superiora
1091 2282 1182 2336 minus
1203 2297 1264 2334 ser·

118 2374 230 2438 uantur,
255 2367 337 2440 quod.
360 2366 498 2439 superiora
521 2377 584 2423 sunt
605 2367 753 2440 praesentis
776 2375 803 2421 et
828 2365 910 2421 futuri
937 2366 1073 2439 partieipia
1101 2365 1215 2436 loquens
1239 2373 1266 2418 et

116 2469 224 2508 venans
240 2451 313 2507 verbi
335 2451 411 2508 activi
433 2452 507 2524 quod
529 2468 584 2508 nou
606 2451 633 2505 in
656 2451 849 2508 consuetudine
865 2458 913 2515 est,
937 2467 1020 2524 quare
1034 2449 1163 2523 quaedam
1178 2449 1271 2512 interr

119 2537 212 2593 cidisse
234 2545 344 2609 apparet
365 2535 403 2592 sic
423 2536 603 2592 restituenda:

204 2622 337 2694 quoniam
359 2620 475 2677 dicimus
497 2620 627 2693 loquor
655 2627 681 2675 et
709 2637 836 2685 venor,
870 2613 935 2700 [non
966 2620 1070 2692 loquo
1100 2626 1125 2674 ct
1153 2610 1262 2699 oeno],

119 2706 192 2762 unde
214 2706 267 2761 illa
290 2712 371 2760 crant
393 2705 551 2777 superiora.
597 2721 628 2761 eo
652 2706 743 2761 minus
765 2713 926 2775 seruantur,
950 2707 1023 2777 quod
1045 2720 1080 2760 ea
1101 2702 1156 2760 bis.

204 2791 257 2845 lam
289 2789 329 2845 his
363 2790 514 2863 disceptatis
547 2808 629 2847 unum
663 2789 808 2847 alterumve
841 2790 991 2863 exemplum
1017 2788 1200 2853 exhibeamus,
1235 2799 1266 2846 ut

119 2885 219 2950 quanta
252 2891 327 2948 seges
364 2876 481 2949 supersit
513 2883 639 2950 appareat
672 2877 867 2950 doctorumque
898 2877 1004 2950 ingenia
1037 2875 1070 2931 ad
1101 2874 1151 2931 hos
1181 2874 1265 2931 libros

119 2960 300 3017 restituendos
322 2960 479 3017 incitentur.

272 3046 300 3112 V,
327 3049 364 3104 90
388 3046 427 3102 rei
449 3045 567 3101 militaris
589 3045 717 3102 vocabula
739 3044 915 3120 explicantur:

204 3131 384 3188 Praesidium
407 3131 579 3202 dictampni
602 3138 684 3187 cntra
707 3139 803 3187 castra
828 3131 1032 3204 praesidebant
1059 3132 1091 3186 in
1119 3132 1180 3187 loco
1209 3130 1265 3185 ali·

205 3232 272 3288 quo,
308 3233 361 3289 quo
391 3218 478 3273 tutior
506 3217 583 3287 regio
613 3225 692 3273 essct.
740 3214 884 3273 Obsidium
913 3217 1014 3272 dietum
1044 3216 1079 3273 ab
1104 3215 1264 3277 obsidendo,

205 3316 258 3372 quo
282 3302 373 3357 minus
395 3301 484 3358 bostis
507 3302 601 3374 egredi
620 3309 715 3374 posset
736 3303 802 3361 inde
809 3325 821 3376 ;
855 3302 921 3357 item
943 3303 978 3358 ab
1002 3300 1171 3363 obsidendo,
1205 3313 1266 3352 curn

205 3386 235 3440 id
256 3386 320 3440 ideo
341 3386 478 3465 iacerent,
502 3404 555 3460 quo
577 3386 693 3458 facilius
717 3388 906 3443 deminuerunt
928 3386 1025 3442 bostis.

189 3599 213 3661 1)
232 3597 307 3650 scrib.
325 3613 393 3664 amo,
411 3615 494 3652 amor.

189 3669 215 3730 2)
233 3667 282 3718 boo
309 3667 387 3718 verbo
414 3683 465 3719 non
492 3669 572 3720 utitur
598 3666 691 3728 Verro;
721 3668 896 3734 reponendum
922 3673 962 3722 est
990 3668 1058 3737 quod
1085 3667 1171 3719 stetim
1199 3665 1265 3717 inira

121 3735 229 3800 emergit
247 3738 272 3786 et
290 3734 351 3786 alibi
370 3749 447 3802 saepe
466 3735 594 3788 invenitur
612 3738 679 3802 lego,
697 3735 780 3803 legor.

189 3804 214 3866 3)
232 3803 309 3854 immo
327 3804 443 3856 debedat.

188 3874 213 3936 4)
232 3876 339 3923 umatus
356 3877 424 3923 recte
443 3887 506 3924 corr.
524 3871 631 3936 Laetus,
650 3877 790 3924 amaturus
807 3873 878 3939 libri,
905 3872 949 3925 sed
967 3888 1041 3924 cram
1058 3887 1117 3922 rum
1134 3886 1179 3921 ero
1198 3869 1264 3922 male

121 3937 207 3991 addita
225 3944 299 4005 sunt,
322 3954 381 3991 nam
399 3939 430 3992 de
467 3939 603 4006 anticipiis‚
630 3955 680 3993 non
699 3939 731 3991 de
748 3941 828 3995 finitis
846 3943 931 3994 verbis
948 3942 1012 3993 haec
1030 3941 1114 3991 omniu
1133 3939 1264 4000 dicuntur;

118 4007 204 4074 itaque
222 4012 248 4060 et
265 4009 290 4058 in
309 4006 360 4059 fine
377 4024 436 4059 sum
448 3956 494 4059 lois
511 4007 668 4063 inclusimus.
684 4065 699 4076 ,

189 4078 214 4140 5)
231 4076 268 4128 sic
286 4075 316 4141 fl,
334 4076 404 4143 quod
421 4091 509 4128 verum
527 4075 636 4142 videtur,
653 4080 695 4133 inl
712 4083 809 4131 orieris
826 4076 853 4143 F,
871 4082 943 4128 intus
961 4079 1056 4128 orierit
1073 4075 1171 4144 nvp,
1194 4078 1266 4128 inter·

120 4147 217 4194 orierit
234 4143 287 4209 Ge,
305 4147 442 4196 interierit
459 4143 559 4196 Lectus.

190 4213 214 4275 6)
233 4212 291 4265 iort.
310 4215 408 4265 balent
424 4218 456 4265 ut
472 4213 574 4279 loquor.

188 4282 213 4343 ι)
232 4295 292 4331 eum
309 4281 412 4335 inclusit
428 4280 527 4334 Mbller.
