3038 5048
672 279 709 333 lle
725 280 792 334 libro
809 279 841 333 V.
1230 301 1337 344 mm

272 457 337 514 Cum
365 466 421 514 tres
450 457 551 530 primos
580 455 663 512 libros
691 455 723 511 Ρ.
745 454 898 529 Septumio,
933 465 1038 513 ceteros
1061 456 1181 515 Ciceroni
1209 459 1333 530 misisset,

185 543 246 601 illos
270 543 415 599 Varronem
436 539 590 614 publicasse
609 539 674 596 mihi
695 549 820 596 constare
841 540 959 606 videtum
993 541 1068 614 quod
1093 542 1117 612 si
1137 558 1193 598 nan
1216 543 1333 612 fecisset,

184 629 321 702 integrum
343 642 422 700 opus,
445 624 512 680 XXV.
527 623 620 689 libros,
644 640 699 681 non
722 624 789 680 llllll
805 625 830 681 ei
851 625 1008 682 dedicasset.
1038 633 1146 700 poterat
1167 628 1218 684 iam
1239 641 1336 704 poste-

184 714 271 771 riores
300 720 355 768 tres
382 709 483 784 primae
509 709 593 783 partis
619 719 651 765 ut
677 708 738 765 illos
765 710 869 783 priores
896 710 930 766 ad
955 709 1137 783 Septumium,
1171 713 1210 770 sio
1231 714 1281 771 bos
1302 717 1336 773 ad

186 797 342 855 Ciceronem
364 794 413 853 baa
433 794 538 852 ratione
558 794 591 851 ab
614 810 647 851 ea
668 792 771 851 laudari
797 795 956 868 gestientem
982 795 1095 852 mittere.
1140 805 1220 869 negat
1241 798 1335 858 titillet

184 879 271 956 prael.
294 878 418 943 v-Vll,
452 879 523 953 quod
552 879 579 934 in
603 878 765 935 Academicis
787 880 893 936 Atticus
921 879 1069 936 Varronem
1100 896 1169 955 quae
1196 882 1335 942 moliretur

186 965 273 1024 celare
294 965 379 1029 dicat,
412 963 496 1021 Varro
518 964 575 1039 ipse
597 980 626 1020 se
648 979 772 1038 magnum
796 980 865 1038 opus
887 965 919 1021 ad
942 964 1097 1022 Ciceronem
1122 966 1195 1041 quod
1225 968 1338 1041 politius

185 1051 324 1107 limaretur
345 1049 491 1106 instituisse
511 1048 679 1123 profiteatur.
717 1047 791 1117 Quae
813 1049 905 1106 Cicera
926 1048 963 1106 ibi
985 1051 1103 1106 Atticum
1125 1051 1166 1107 vel
1190 1052 1334 1111 Varronem

185 1136 341 1210 loquentem
363 1134 455 1207 lingit,
483 1150 539 1191 nou
561 1150 591 1191 ea
613 1142 678 1191 sunt
699 1151 768 1209 quae
789 1135 988 1208 quodammodo
1010 1135 1202 1209 persuadeant,
1232 1148 1264 1195 ut
1285 1139 1337 1197 bos

184 1219 268 1277 libros
282 1220 310 1276 in
332 1218 436 1276 seriniis
456 1219 612 1276 reconditos
633 1227 661 1276 et
681 1217 714 1274 ab
735 1218 844 1276 bomine
866 1218 1014 1277 litterarum
1034 1220 1182 1278 amantiore
1196 1235 1333 1297 exceptos,

184 1313 212 1363 et
232 1322 266 1362 ne
288 1305 396 1379 penitus
416 1304 551 1377 perirent,
586 1319 640 1379 qua
667 1302 753 1361 forma
774 1312 802 1361 et
823 1305 912 1379 specie
939 1304 1076 1362 incondita
1098 1316 1190 1372 erant,
1217 1305 1333 1366 librariis

183 1391 341 1464 permissos,
366 1392 574 1463 transscriptos,
607 1389 635 1444 in
656 1387 795 1463 publicum
817 1390 903 1447 editos
925 1407 985 1447 esse
1007 1389 1158 1455 credamus,
1197 1392 1221 1448 id
1245 1410 1337 1469 neque

182 1475 295 1531 aliarum
329 1475 482 1531 testimonia
515 1491 604 1548 neque
635 1473 700 1547 ipsis
731 1472 806 1531 libris
838 1475 982 1532 admodum
1015 1475 1150 1549 corruptis
1182 1478 1336 1535 confirmari

181 1568 286 1634 potest,
321 1569 348 1616 et
374 1576 409 1615 ne
435 1559 520 1616 critici
548 1557 662 1638 amplius
690 1559 790 1616 maiore
810 1559 916 1618 licentia
937 1561 965 1616 in
986 1559 1149 1633 retingendis
1172 1570 1200 1619 et
1220 1580 1334 1637 perver-

183 1645 270 1701 tendis
292 1645 333 1701 his
354 1643 510 1718 fragmentis
532 1652 734 1718 grassarentur,
768 1660 862 1701 eoram
883 1653 1041 1719 argumenta
1062 1654 1090 1702 et
1111 1647 1229 1721 exempla
1251 1664 1334 1705 accu-

182 1729 265 1787 ratius
298 1730 445 1786 esaminata
476 1721 696 1799 relutavimus.*)
747 1729 848 1786 accedit
880 1730 995 1805 Originis
1028 1729 1155 1787 indicium
1187 1731 1334 1790 Varronem

182 1815 271 1889 ipsum
294 1832 327 1872 ex
348 1814 416 1871 XXV
439 1814 575 1887 epitomen
596 1813 630 1870 tx
652 1811 727 1870 libris
750 1823 918 1873 constantem
939 1815 1043 1872 iecisse.

591 1982 634 2039 De
664 1980 757 2038 libro
787 1983 923 2056 quinto.

269 2135 383 2204 Quinti
412 2133 498 2191 libri
526 2135 581 2191 duo
608 2133 671 2190 lolia
698 2134 726 2189 in
748 2133 767 2190 p
789 2135 959 2207 transposita,
989 2152 1058 2210 quae
1079 2152 1160 2210 supra
1188 2147 1335 2196 memorata

182 2230 255 2287 sunt,
287 2219 407 2295 legentes
439 2236 495 2276 non
526 2227 680 2296 morantur,
718 2219 766 2276 sed
798 2219 848 2275 alia
880 2219 907 2274 in
945 2220 977 2276 iis
1009 2237 1077 2294 quae
1108 2219 1178 2277 inlra
1206 2220 1335 2294 leguntur

183 2306 302 2363 traiectio
325 2323 384 2362 esse
405 2305 519 2362 videtur.
563 2303 684 2378 Scriptor
705 2304 762 2378 ipse
783 2320 852 2378 quae
873 2303 1044 2377 expositurus
1065 2305 1100 2360 sit
1119 2303 1218 2361 indicat
1238 2306 1336 2378 singu-

182 2391 269 2466 lisque
290 2391 419 2448 enarratis
433 2390 465 2446 ad
487 2405 584 2447 novam
605 2406 662 2446 rem
684 2388 794 2454 transit;
825 2388 855 2454 V,
881 2391 936 2447 57:
958 2389 1132 2446 immortalia
1153 2396 1180 2445 et
1201 2391 1335 2447 mortalia

182 2478 345 2550 expediam,
368 2477 419 2538 ito¹
432 2483 463 2532 at
484 2475 566 2547 prins
587 2475 662 2547 qaod
683 2475 722 2529 ad
743 2475 810 2530 deas
838 2475 963 2546 pertinet
995 2474 1096 2531 dicam.
1128 2474 1225 2546 §752
1259 2477 1337 2547 qnod

183 2563 221 2618 ad
242 2561 409 2618 inmortalis
431 2561 532 2616 attinet
551 2558 639 2625 baeo,·
672 2560 803 2632 deinceps
826 2560 902 2632 qaod
926 2560 965 2615 ad
986 2560 1113 2615 mortalis
1136 2560 1236 2616 attinet
1256 2561 1334 2616 oide-

183 2661 278 2702 amos.
311 2647 345 2702 de
372 2645 417 2701 bis
452 2645 592 2701 animalia
618 2644 650 2700 in
679 2645 769 2700 tribas
804 2644 873 2701 locis
906 2645 980 2717 qaod
1015 2651 1094 2709 sant,
1128 2645 1159 2701 in
1188 2660 1270 2710 aere,
1303 2647 1335 2701 in

183 2746 278 2804 apua,
311 2731 342 2786 in
364 2737 457 2795 terro,
492 2745 511 2784 o
532 2745 641 2785 samma
666 2736 752 2803 parte
774 2730 813 2785 ad
833 2729 958 2803 infimam
980 2730 1156 2788 descendam.
1186 2729 1225 2786 sic
1245 2729 1333 2787 avium

183 2815 315 2889 origines,
346 2814 442 2871 deinde
472 2813 644 2889 aquatilium,
675 2822 732 2871 tom
754 2813 949 2888 amphibiorum
975 2830 1044 2890 quae
1065 2814 1095 2871 in
1116 2823 1214 2871 terram
1236 2823 1338 2873 exeunt

183 2900 363 2975 explicantur;
397 2899 460 2956 inde
488 2909 586 2955 terram
617 2915 761 2972 aggressus
788 2906 830 2956 est
859 2900 877 2970 ξ
909 2900 962 2958 80:
998 2914 1071 2971 puae
1099 2906 1165 2956 sant
1192 2898 1334 2956 tonicam

178 2987 303 3060 propria
321 2985 460 3058 pantani,
483 2985 583 3041 deinde
605 2985 639 3040 de
657 3000 776 3057 pecore,
799 2984 882 3040 tertio
905 2983 1030 3056 deseris
1051 2985 1191 3050 scribant,-
1221 2984 1262 3041 his
1284 3002 1336 3042 ex-

182 3072 276 3144 positis
303 3071 321 3143 5
347 3072 406 3129 102
435 3080 505 3143 τοῖς
543 3062 639 3151 ζῴοις
677 3076 740 3143 apto
779 3085 847 3143 quae
874 3069 968 3125 Graeci
1002 3071 1109 3146 ζῶντα
1150 3069 1332 3127 dicuntaddit:

179 3157 308 3229 proxime
323 3156 464 3213 animalia
479 3162 547 3211 sant
560 3171 596 3211 ea
611 3170 683 3226 qnae
704 3155 798 3210 uicere
820 3154 952 3210 dicantm
972 3169 1061 3227 neque
1081 3153 1187 3210 babere
1209 3156 1336 3210 animani

182 3247 214 3297 at
239 3241 374 3312 uirgulta.
420 3241 473 3297 lam
495 3256 525 3297 ea
546 3256 616 3314 quae
636 3238 758 3296 homiues
779 3238 831 3312 ipsi
858 3238 888 3294 iu
922 3255 1001 3296 usum
1034 3247 1257 3314 comparaverunt
1288 3255 1333 3296 se-

184 3334 321 3399 quuntur,
354 3326 391 3382 ita
419 3334 451 3382 ut
473 3324 562 3381 ethis
591 3341 672 3398 quem
702 3332 833 3399 sequatur
862 3322 984 3381 ordinem
1016 3324 1067 3381 rite
1095 3325 1182 3381 tradat
1213 3324 1231 3396 ᾧ
1255 3325 1331 3381 105;

183 3424 256 3482 puae
277 3425 365 3465 nana
384 3409 465 3482 sacta
485 3416 551 3465 sant
573 3409 680 3473 dicam
703 3410 737 3465 de
758 3408 850 3475 victa,
882 3408 1055 3480 devestitis,
1085 3409 1119 3465 ae
1140 3408 1333 3464 instrumentis

183 3500 209 3550 et
236 3495 262 3548 si
290 3494 357 3566 qnid
384 3495 464 3551 aliud
491 3494 632 3550 uidebitur
655 3493 701 3550 bis
723 3501 829 3567 aptam.
871 3493 943 3551 llaec
969 3509 1025 3550 non
1054 3509 1086 3551 eo
1116 3509 1171 3567 quo
1200 3490 1337 3548 debebant

183 3577 277 3636 ordine
297 3580 416 3653 exposita
436 3595 495 3636 esse
516 3577 593 3636 facile
613 3577 760 3653 intelliges3
784 3578 871 3636 victus
892 3577 974 3636 verba
994 3576 1121 3653 leguntur
1146 3576 1331 3635 toa-112:

182 3665 216 3720 de
247 3664 324 3720 aicta
356 3664 555 3737 antiqmssima
582 3664 650 3738 pals
674 3705 706 3719 ..
758 3704 789 3720 ..
811 3664 878 3721 item
908 3664 1021 3736 graecia
1052 3662 1219 3735 singillatim
1249 3659 1330 3728 baec,

182 3764 272 3814 ouum,
296 3740 473 3821 balbam.**)
516 3747 600 3805 Lana
626 3764 759 3821 graecam
775 3789 782 3804 .
800 3765 953 3822 purpura
974 3788 1006 3806 ..
1032 3747 1182 3823 poenitum
1206 3786 1236 3800 ..
1258 3746 1332 3803 vides

233 3894 275 4027 *ἒξ
292 3891 436 4015 33⁶1&th
448 3891 537 4014 ἐξὲξ(
547 3891 688 4013 bifercvdtrib
704 3891 841 4013 rssgccalberilap
843 3894 1077 4026 'obznffebaroum
1094 3956 1230 4010 Mulierum
1248 3956 1328 4012 offen·

181 4028 286 4093 derunt;
312 4028 374 4099 quid
392 4030 459 4082 enlm
477 4028 527 4081 ista
544 4029 612 4080 inter
634 4028 713 4080 verba
757 4043 805 4081 uae
822 4028 906 4080 victus
924 4041 1000 4080 causa
1019 4040 1095 4078 manu
1113 4025 1180 4078 lacta
1198 4028 1276 4079 sunt?
1303 4031 1331 4079 at

182 4097 240 4166 quis
258 4098 322 4150 haee
339 4098 418 4151 abum
434 4101 536 4166 praeter
549 4095 689 4149 Varronem
707 4096 739 4148 ad
759 4096 837 4149 'disse
854 4094 961 4148 credat?
979 4093 1048 4146 baud
1065 4093 1234 4161 improbabile
1252 4095 1331 4162 igitur

180 4164 241 4284 inge
258 4165 341 4219 samos
359 4165 432 4219 cibos
448 4168 603 4218 memoratos
622 4177 694 4227 esse;
711 4165 834 4218 maiorem
846 4163 914 4218 enlm
926 4163 1044 4216 lacunam
1055 4167 1116 4229 past
1128 4162 1235 4216 bulbum
1252 4164 1330 4215 inter-

181 4247 210 4286 ce
229 4248 271 4286 ere
289 4242 385 4287 certum
403 4237 451 4286 est
