3038 5048
573 1149 623 1238 [u.
646 1149 800 1218 unsrun
819 1148 1007 1219 sunnonis

501 1289 578 1373 DE
602 1289 832 1375 LINGVA
852 1288 1075 1373 LATINA

770 1457 807 1495 An

574 1598 609 1647 Μ.
631 1597 787 1647 TULLIUM
808 1595 1000 1646 CICERONEM

645 1733 798 1809 ursus
823 1731 926 1834 usu]

211 1900 275 1955 HIC
291 1900 414 1956 DEEST
432 1900 472 1955 IN
489 1899 711 1955 EXEMPLARI
727 1900 871 1956 FOLIUM
887 1899 996 1956 UNUM
1018 1900 1059 1956 IN
1076 1899 1149 1970 QUO
1167 1899 1237 1955 EST
1257 1901 1357 1956 PRIN-

213 1983 341 2040 CIPIUM
359 1984 460 2039 LIBRI
477 1985 538 2040 VII.

301 2078 327 2139 1.
351 2092 513 2157 ..repens
528 2074 619 2138 ruins
634 2072 768 2157 operuit,
790 2076 846 2136 aut
860 2071 992 2137 verbum
1015 2070 1101 2152 quod
1123 2070 1284 2138 conditum
1306 2077 1356 2138 est
1376 2073 1397 2151 ἕ
1422 2078 1437 2137 1

213 2175 363 2260 equibus
385 2175 500 2242 litteris
521 2181 647 2259 oportet
667 2175 743 2241 inus
764 2179 837 2260 post
860 2169 914 2259 [c]
937 2173 1046 2256 aliqua
1068 2173 1198 2258 dempta
1220 2181 1278 2256 est,
1301 2154 1508 2261 οιιιιιιιιιι

178 2277 337 2345 oscurior
357 2276 394 2343 fit
414 2279 562 2344 voluutas
591 2277 793 2363 impositoris.
836 2276 910 2342 Non
939 2273 1233 2362 reprehendendum
1262 2275 1358 2359 igitur

295 2529 375 2585 iibri
389 2530 593 2603 inscriptionem
610 2530 649 2585 M.
668 2528 781 2586 Terenti
799 2572 806 2585 .
827 2528 922 2585 .libcr
939 2528 1070 2600 septimus
1094 2527 1175 2584 babet
1190 2528 1279 2597 vulg.
1302 2529 1356 2582 nisi

210 2615 286 2687 quod
307 2615 357 2670 illc
380 2621 473 2672 sextus
493 2634 550 2690 pro
572 2616 712 2687 septimus.
732 2647 765 2655 -
783 2619 799 2670 3
818 2631 917 2686 repens
939 2616 1021 2670 ruins
1041 2614 1149 2684 aporuit
1166 2619 1216 2669 sui
1232 2614 1354 2681 verbum}

209 2699 375 2770 Temporum
391 2702 525 2758 vocabula
543 2706 572 2756 ot
589 2717 684 2756 eorum
702 2716 772 2770 quac
789 2701 937 2757 coniuncta
955 2705 1020 2755 sunt
1036 2705 1086 2754 sut
1108 2701 1138 2754 in
1155 2699 1260 2767 agendo
1283 2697 1355 2753 fiunt

209 2789 260 2842 cut
282 2801 344 2842 cum
367 2791 489 2857 tempore
512 2787 604 2857 aliquo
628 2787 805 2842 enuntiantur
828 2787 919 2857 priore
941 2785 1012 2839 libro
1036 2785 1101 2839 dixi.
1136 2785 1169 2838 In
1191 2786 1244 2839 hoc
1265 2784 1354 2838 dicum

210 2873 245 2927 ds
261 2873 379 2943 poeticis
395 2873 535 2929 vocabulis
553 2878 693 2929 eteorum
711 2872 876 2941 originibus,
899 2871 929 2926 in
952 2871 1012 2941 quis
1036 2871 1122 2925 multo
1138 2869 1272 2925 difficilia.
1290 2886 1354 2925 nrm

209 2961 242 3012 ιιι
266 2959 377 3013 rcrbum
402 2959 532 3014 Luctus
558 2975 607 3014 occ
631 2958 769 3013 Victorius
793 2958 908 3012 mutavit
926 2964 1069 3029 postrema
1088 2957 1129 3012 sic
1154 2954 1299 3012 exhibens:
1323 2957 1354 3011 in

210 3043 287 3111 queis
313 3044 400 3099 mulin
423 3042 554 3099 difficilis.
579 3060 643 3098 ncm
669 3048 697 3099 ct
721 3060 821 3114 repens
846 3084 905 3097 ...
930 3042 1039 3111 aperuit
1065 3042 1176 3097 verbum
1200 3073 1233 3082 -
1262 3041 1352 3108 ruins}

208 3128 308 3198 rupino
318 3129 357 3181 M.
370 3158 403 3167 —
417 3130 533 3199 operuit]
548 3129 743 3197 Turnebus,
761 3127 871 3199 aporuit
887 3127 979 3182 libri.
998 3127 1090 3183 obruit
1100 3126 1353 3182 O.F.W.Mnllcr

208 3229 236 3282 p.
256 3217 314 3268 797.
337 3213 390 3267 lsoc
406 3215 444 3268 ad
460 3215 615 3285 exemplum
631 3215 721 3285 fuisse
738 3215 852 3285 opinor:
875 3229 958 3283 saepo
975 3212 1047 3267 onim
1064 3216 1113 3266 aut
1129 3212 1291 3267 uocabulum
1308 3226 1351 3265 re·

207 3312 275 3366 pons
287 3297 369 3352 ruins
381 3297 497 3368 operuit.
515 3327 551 3338 —
568 3303 625 3365 sut]
643 3300 752 3372 scripsi,
771 3303 802 3353 ut
818 3297 912 3352 libri.
932 3302 963 3353 ut
980 3297 1004 3351 si
1015 3296 1146 3351 Miller.
1165 3327 1196 3335 -
1215 3298 1352 3366 soportot

209 3381 293 3437 scribi
315 3383 445 3453 aporiam.
464 3382 529 3438 indo
552 3385 577 3438 si
599 3389 662 3455 post
679 3385 815 3440 Laetus.
843 3415 876 3423 -
902 3382 1112 3454 postsi1LSp,
1137 3380 1274 3448 Madvig
1297 3380 1351 3447 (cci

207 3467 284 3522 baud
298 3471 357 3523 scio
376 3485 412 3522 cn
424 3474 549 3540 praestet
566 3474 616 3526 ιιιιι
631 3470 743 3525 verbum
760 3471 785 3525 si
802 3471 875 3539 quod
891 3470 979 3524 deleto
996 3468 1034 3523 sit
1051 3473 1119 3539 post
1135 3468 1263 3535 dempta),
1288 3470 1351 3535 posi

207 3551 308 3620 libri,
331 3557 474 3621 postquam
491 3553 626 3609 Miller.
661 3550 740 3625 ‘forti
758 3571 857 3625 repens
874 3554 955 3610 ruini
972 3555 1110 3624 operitur,
1136 3556 1168 3607 ut
1185 3552 1297 3607 verbum
1315 3592 1322 3605 .
1342 3591 1348 3603 .

207 3641 271 3708 post
288 3637 312 3692 si
329 3637 422 3706 aliquo
432 3679 438 3692 .
450 3680 456 3692 .
467 3639 512 3704 sit,
530 3637 673 3694 obscurius
690 3637 731 3707 fit,
747 3641 873 3696 uoluntas
890 3640 1057 3710 impositoris
1075 3640 1130 3693 nisi
1145 3636 1253 3709 aliquid
1268 3638 1350 3692 iutcr·

207 3722 274 3775 cidit
289 3722 363 3776 oclct
380 3723 462 3776 ruins
479 3723 587 3793 operuit
605 3763 612 3776 .
632 3763 639 3776 .
658 3724 816 3792 obscurius,
842 3741 895 3794 quo
914 3724 1056 3779 obscurior
1072 3719 1128 3778 fit’.
1146 3723 1217 3791 LSp.
1240 3721 1349 3790 operuit

206 3805 247 3861 its
263 3807 378 3862 corbum
401 3823 483 3876 quom
507 3809 646 3863 conditum
664 3847 671 3862 .
690 3847 698 3863 .
715 3812 780 3878 post
805 3809 829 3863 si
854 3810 949 3878 uliquc
973 3809 1125 3878 domptcst,
1151 3807 1292 3862 obscurior
1316 3805 1349 3860 nt

205 3890 346 3960 Madvig
362 3893 432 3947 Acir.
450 3893 478 3947 II
494 3910 521 3963 p.
542 3897 599 3948 172.
622 3893 734 3965 dempta
749 3892 782 3947 nt
799 3894 958 3962 obscurius,
983 3894 1024 3948 sic
1040 3893 1166 3948 voluntas
1183 3891 1348 3960 impositoris

206 3975 236 4031 0.
254 3975 287 4031 F.
305 3976 350 4030 W·
370 3977 508 4046 Mulier,
534 3977 694 4046 Rcitorp.
714 3982 747 4032 59
765 3993 805 4048 sq.
824 3985 904 4049 (etp.
924 3983 993 4041 106).
1011 4008 1044 4017 —
1070 3981 1121 4042 cst]
1140 3975 1278 4044 Madvig
1294 3981 1348 4046 (st),

206 4061 242 4116 sit
258 4060 349 4116 libri.
369 4094 401 4101 -
426 4062 577 4127 obscurior]
594 4079 623 4132 p,
640 4062 738 4133 vulg,
756 4063 897 4118 obscurius
915 4063 1033 4119 octoni.
1052 4093 1085 4102 -
1113 4062 1196 4117 bfint
1211 4061 1346 4120 Miller.

204 4176 238 4186 -
260 4147 436 4218 impositoris]
459 4148 489 4203 in
511 4148 670 4218 posterioris
687 4146 720 4217 F,
748 4148 778 4203 in
800 4149 967 4218 posteriores
988 4148 1134 4213 Luctus,
1160 4165 1233 4204 corr.
1258 4150 1346 4205 Tur·

204 4231 330 4301 nebus,
355 4232 543 4290 Victorius.
578 4234 649 4305 fort.
666 4233 834 4304 inpositoris,
861 4232 1142 4303 conficdp.2,14.
1165 4235 1233 4291 icccc
1256 4233 1345 4291 Varro

255 4335 391 4389 sponsal,
411 4337 478 4378 Varro
491 4337 519 4379 is
531 4337 610 4389 lingon
622 4335 700 4380 buu
1128 4321 1143 4373 ⁸
