3038 5048
244 302 303 360 166
560 302 673 357 nmnn
690 301 882 358 esurimus.
917 304 934 370 6
952 306 1061 357 6-6.

285 475 365 542 Nec
387 475 569 557 iugulae,
603 493 732 556 66666
753 494 1000 559 vesperugo,
1023 493 1155 557 neque
1176 474 1406 558 vergiliae

1098 577 1312 646 occidunt.

248 679 363 762 lugula
385 680 519 764 signnm,
544 680 630 763 quod
652 679 767 747 Accius
789 680 933 765 appellat
955 679 1082 763 Oriona,
1105 699 1175 747 cum
1197 681 1260 746 ait:

396 781 529 848 (titius
551 781 674 849 Orion
697 782 903 866 pallescit.

91 882 728 969 66666116166616616666666666
743 885 844 950 tribus
860 883 1061 966 6161166666
1076 881 1158 947 infra
1170 883 1256 951 duae
1272 885 1403 972 clarae,
1425 897 1441 946 6

242 1006 322 1070 6666
337 986 501 1070 appellant
515 1007 653 1068 umeros;
671 987 754 1053 inter
769 1005 848 1069 6666
865 987 949 1069 quod
965 984 1091 1051 videtur
1105 984 1257 1069 iugulum,
1273 989 1402 1074 Iugula

242 1087 337 1154 dicta.
368 1086 551 1172 Vesperugo
573 1089 667 1154 stella
685 1108 768 1171 quae
781 1108 915 1173 vespere
929 1087 1036 1170 oritur,
1059 1105 1244 1169 aquosam
1260 1089 1400 1175 Opilius

242 1189 351 1256 scribit
373 1190 564 1273 Vesperum;
594 1190 702 1272 itaque
725 1191 840 1258 dIcitur
861 1193 994 1257 alterum
1017 1190 1139 1274 Vesper
1158 1189 1261 1274 adest,
1295 1212 1398 1276 quem

242 1290 351 1367 dicunt
373 1291 488 1358 Gracci
510 1290 710 1378 διεσπέριον.
764 1378 767 1386 Α

137 1396 216 1474 §51
326 1394 483 1462 Naevius:
1420 1407 1450 1459 to

285 1497 444 1563 Patrem
467 1516 579 1563 snum
600 1515 827 1582 supremum
849 1503 1047 1581 optumum
1069 1495 1265 1581 appellat.

243 1597 433 1682 Supremum
462 1599 504 1664 ab
534 1617 719 1681 superrumo
748 1599 884 1682 dictum;
917 1600 1028 1682 itaque
1057 1598 1224 1664 duodecim
1256 1600 1396 1669 tabulae

88 1699 367 1766 meusnbdicunt:
406 1712 506 1768 SOLIS
541 1713 680 1769 OCCASU
715 1714 793 1769 DIEI
828 1701 1001 1771 sUPRan
1031 1715 1253 1771 TEMPESTAS
1283 1717 1393 1774 ESTO.

241 1801 329 1867 Libri
351 1821 507 1886 augurum
529 1821 586 1884 pro
609 1806 798 1887 tempestate
812 1805 1051 1888 Tempestutem
1074 1802 1183 1870 dicunt
1203 1822 1394 1888 supremum

241 1903 365 1985 augurii
387 1909 520 1987 tempus.
1418 1918 1448 1970 16

138 2005 156 2087 ἕ
180 2008 220 2069 52
328 2005 364 2071 ln
387 2004 617 2072 Comicularia:

285 2107 352 2189 qui
380 2107 467 2190 regi
489 2108 763 2175 latrocinatus
789 2108 920 2175 decem
943 2129 1069 2176 annos
1091 2109 1307 2178 Demetrio.
1476 2192 1482 2203 ‚

243 2210 397 2276 Latrones
420 2209 495 2275 dicti
519 2212 560 2276 ab
583 2213 698 2295 latere,
732 2211 787 2294 qui
816 2212 933 2277 circum
962 2214 1065 2277 latera
1087 2220 1177 2278 erant
1198 2213 1267 2294 regi
1290 2217 1391 2295 atque

329 2400 447 2463 166666
464 2393 557 2463 iugula
576 2395 739 2449 Varronis
758 2394 857 2462 libri,
875 2411 926 2448 nec
943 2396 1052 2463 iugulac
1069 2396 1197 2449 Plauti.
1221 2426 1254 2434 -
1282 2399 1297 2448 3
1316 2403 1391 2461 cum]

241 2497 322 2549 quom
338 2481 373 2534 H.
401 2511 434 2520 -
461 2480 627 2549 lpallescitl
645 2480 817 2534 Btchelcr
834 2496 878 2547 ap.
897 2480 1029 2534 Ribbeck.
1048 2498 1072 2534 v.
1093 2484 1150 2546 693,
1172 2479 1269 2549 patefit
1285 2479 1320 2549 F,
1338 2498 1391 2550 pa·

240 2566 322 2619 tescit
339 2566 373 2632 H,
391 2564 523 2634 patefecit
540 2565 571 2631 Β,
590 2564 726 2619 Laetus.
754 2566 830 2635 conf.
848 2565 961 2634 Bergk
978 2566 1075 2619 Philol.
1093 2565 1212 2618 XXXIII
1228 2583 1256 2633 p.
1275 2567 1336 2619 304.
1356 2595 1392 2605 -—

242 2654 256 2701 1
276 2650 374 2718 opillus
393 2651 424 2717 F,
444 2650 583 2719 Turpilius
600 2649 745 2716 Laetus,
763 2667 835 2705 corr.
853 2651 938 2718 vulg.
957 2667 994 2705 coc
1010 2652 1041 2704 B.
1068 2680 1097 2688 -
1123 2654 1138 2703 8
1158 2651 1227 2704 alter
1244 2650 1332 2718 vulg.
1352 2668 1393 2706 cx

242 2735 273 2801 B,
292 2735 454 2790 alterutrum
472 2735 635 2802 Scaliger.
664 2735 733 2803 fort.
752 2736 844 2805 itaque
861 2736 929 2789 dicIt
946 2736 1061 2790 alterum
1079 2751 1220 2804 vesperum
1237 2735 1319 2788 (lcum
1337 2736 1393 2799 (ccl

240 2835 337 2887 vesper
364 2822 439 2885 deus)
466 2835 552 2888 quem.
585 2850 617 2858 -
650 2824 665 2874 9
688 2819 716 2872 di
744 2823 914 2873 ΘΟΠΘΡΙΟΝ
943 2819 975 2887 F,
1002 2820 1152 2894 διέσπερον
1177 2822 1263 2888 vulg.
1290 2835 1328 2874 ex
1356 2822 1392 2890 B,

241 2899 366 2973 ἕσπερον
391 2904 561 2960 Rholand.
588 2905 665 2974 conf.
692 2905 890 2960 Lachmann
916 2907 988 2960 Mus.
1016 2906 1104 2960 Rhen.
1129 2906 1390 2973 111616616-

237 2984 347 3042 ‘mirum
372 2990 409 3041 sit
433 2991 459 3043 si
487 2989 577 3044 Varro
608 2989 791 3059 Veroib'arcm
815 2991 1068 3061 interpretabamur
1095 2984 1229 3046 omiserit'
1255 2991 1326 3058 LSp.
1354 3021 1391 3031 —

241 3079 273 3126 to
292 3073 396 3128 Neuius
413 3074 446 3127 F.
465 3104 498 3113 —
518 3079 548 3129 11
568 3073 699 3143 optimum
716 3074 839 3144 appellat
856 3091 1011 3144 supremum
1027 3076 1163 3130 Laetus.
1193 3072 1271 3145 ‘fort
1290 3076 1389 3144 appel·

240 3155 320 3213 lavit’
333 3158 405 3228 usp,
422 3159 526 3213 scilicet
542 3167 572 3213 ut
589 3160 626 3213 sit
638 3158 787 3214 Saturnine
799 3175 859 3213 cum
872 3158 949 3213 biota
968 3160 996 3212 16
1015 3177 1137 3214 caesura.
1156 3162 1247 3214 mcla'm
1266 3162 1391 3230 appellet

241 3249 379 3315 optumum
406 3260 484 3299 versu
509 3245 627 3298 ccccmo.
653 3275 688 3283 -
717 3242 920 3307 1166616616]
948 3245 1021 3311 ΕΗ,
1047 3245 1101 3298 XII
1124 3247 1252 3313 ceteri,
1278 3247 1308 3299 iu
1333 3247 1390 3301 XII

241 3331 371 3386 Laetus
389 3345 448 3384 cum
467 3330 499 3382 Β.
518 3359 552 3366 -
569 3329 689 3394 tabulae]
708 3329 917 3398 Scioppius,
934 3334 971 3384 ta.
985 3331 1024 3398 M,
1041 3331 1142 3384 tabulis
1161 3330 1184 3383 F
1203 3348 1263 3385 cam
1281 3333 1389 3386 ceteris.

242 3445 273 3454 —
295 3419 324 3469 13
342 3414 439 3469 dicunt
455 3432 506 3470 om.
523 3415 591 3483 ΜΒ,
609 3415 747 3469 Laetus.
765 3446 798 3454 —
817 3430 944 3470 occasum
961 3416 995 3469 H.
1013 3410 1093 3486 ‘fort
1111 3417 1152 3471 sol
1170 3413 1294 3471 occasus’
1313 3416 1388 3485 LSp.

241 3501 317 3571 conf.
337 3501 447 3569 Bergk
463 3501 519 3554 iud.
537 3501 599 3555 lect.
619 3504 686 3554 6661.
705 3500 768 3554 Η61.
788 3503 853 3554 1860
871 3518 898 3569 p.
918 3505 942 3553 6.
970 3531 1001 3538 -
1031 3507 1062 3555 14
1080 3502 1175 3556 dicunt
1192 3502 1221 3555 id
1238 3505 1281 3556 est
1299 3502 1388 3556 Lae·

241 3589 304 3640 tus.
333 3617 366 3624 -
395 3590 425 3641 16
454 3586 601 3641 cornicula.
626 3584 672 3654 qui
693 3584 726 3652 F,
754 3601 824 3637 corr.
850 3585 1071 3642 Vertranius.
1098 3619 1132 3627 -
1161 3593 1191 3642 11
1216 3587 1267 3655 Qui
1292 3588 1389 3642 decem

241 3670 430 3726 latrocinatu's
456 3671 514 3738 regi
539 3686 625 3724 annos
653 3668 790 3724 Demetrio
817 3669 960 3725 Ritschl
985 3672 1095 3739 Parerg.
1125 3692 1151 3742 p.
1172 3678 1229 3728 1111.
1261 3673 1388 3726 senarios

236 3757 400 3827 praeferam
418 3755 503 3811 velut:
521 3756 567 3825 qui
583 3758 641 3824 regi
658 3756 752 3810 decem
763 3754 956 3810 Latrocinatus
975 3759 1061 3812 annos
1080 3774 1139 3812 sum
1151 3757 1298 3813 Demetrio.
1316 3760 1325 3823 l
1327 3773 1386 3828 pro

242 3856 301 3893 sum
319 3841 400 3895 etiam
418 3845 461 3895 est
477 3840 520 3894 ccl
536 3845 593 3906 66).
614 3871 646 3879 -
666 3845 696 3895 18
712 3842 746 3895 ab
764 3840 859 3903 lutere]
877 3839 1018 3897 ‘solebant
1037 3844 1207 3898 collaterales
1224 3858 1317 3910 regum
1335 3843 1387 3896 viui

242 3924 327 3979 fortes
346 3929 427 3995 atque
443 3925 545 3993 integri
562 3941 637 3994 csse,
664 3928 713 3981 sed
730 3926 860 3980 latrones.
879 3942 904 3994 6.
924 3926 1045 3982 latrones
1062 3928 1132 3992 dici,
1158 3942 1231 3979 nuuc
1256 3927 1387 3982 dicuntur

242 4009 331 4076 aliter,
349 4011 398 4064 sed
414 4011 535 4066 latrones
552 4011 610 4067 veri
628 4004 705 4065 sunt’
724 4011 776 4080 Vp
794 4027 881 4080 mcrq.
899 4042 932 4049 —
954 4013 1063 4080 regibus
1081 4009 1279 4079 Scioppius.
1306 4008 1384 4080 ‘sort

242 4095 316 4162 quod
340 4095 443 4150 circum
462 4136 469 4150 .
488 4138 495 4151 .
513 4089 619 4164 regum’
636 4097 707 4164 LSp.
732 4095 805 4150 Serv.
829 4097 865 4150 ad
888 4097 955 4152 Aen.
976 4100 1018 4164 12,
1036 4102 1065 4149 l:
1092 4095 1179 4149 Varro
1203 4097 1295 4148 tamen
1318 4096 1387 4151 dicIt

241 4179 294 4233 hoc
312 4195 412 4234 nomen
428 4197 510 4251 posse
527 4183 628 4238 hebere
646 4181 727 4236 ctiam
750 4181 865 4236 latinam
889 4181 1091 4252 etymologiam,
1117 4181 1149 4232 ut
1173 4178 1294 4232 latrones
1317 4180 1386 4236 dicti

243 4263 298 4318 sint
315 4265 393 4333 quasi
410 4267 561 4334 laterones,
589 4268 661 4337 quod
684 4267 759 4321 circa
780 4267 870 4323 latera
886 4284 979 4336 regum
997 4269 1060 4319 sunt
1077 4277 1144 4330 quos
1161 4278 1234 4316 nunc
1252 4265 1385 4321 satellItes
