3060 5048
538 297 653 353 nunna
670 296 842 354 uncinus.
878 298 895 366 s
914 301 989 352 5-s.
1274 291 1335 352 239

189 469 362 553 dissimile,
395 468 423 534 si
446 468 593 536 videatur
614 489 685 535 esse
707 475 742 534 ut
763 467 847 552 dixi,
880 474 1042 551 neutrum,
1075 467 1103 534 si
1130 467 1164 532 in
1192 473 1335 533 neutram

189 578 312 657 partem
335 568 577 657 praeponderet,
600 575 634 637 ut
656 570 789 652 siduae
810 590 862 636 res
885 590 968 654 quae
990 569 1191 637 conferuntur
1206 568 1336 634 uioenas

188 672 308 740 habent
329 677 436 757 partes
459 673 544 740 etin
567 672 616 740 his
639 672 739 739 denas
764 671 906 738 habeant
935 671 1082 752 easdem,
1115 669 1215 737 denas
1243 669 1333 752 alias,
1343 682 1423 735 (nou
1431 681 1488 736 snb

187 774 231 841 ad
252 774 492 841 similitudinem
514 780 545 842 et
574 773 864 840 dissimilitudinem
892 792 994 855 aeque
1022 770 1332 839 animadvertendas.

151 877 271 945 thane
291 883 437 944 naturam
464 878 611 962 plerique
638 875 798 943 subiciunt
825 876 885 942 sub
914 871 1181 943 dissimilitudinis
1209 893 1332 941 nomen.

187 979 294 1059 Quare
316 979 465 1061 qnoniam
487 978 531 1064 fit,
555 985 590 1046 ut
610 980 716 1064 potius
738 979 779 1044 de
802 979 959 1047 vocabulo
983 999 1079 1063 quam
1100 978 1142 1043 de
1160 997 1194 1043 re
1210 980 1331 1043 contro·
1354 976 1375 1055 §
1398 977 1417 1039 6

188 1082 294 1148 versia
324 1102 395 1148 esse
425 1081 588 1164 videatur,
629 1081 708 1147 illud
738 1086 787 1147 est
815 1081 921 1166 potius
950 1080 1196 1162 advertendum,
1238 1097 1335 1162 quom

187 1184 291 1251 simile
321 1182 396 1266 qnid
428 1203 498 1250 esse
527 1183 658 1268 dieitur,
693 1183 767 1265 quoi
794 1184 877 1267 parti
906 1183 1011 1249 simile
1038 1181 1160 1248 dieatur
1182 1198 1267 1265 esse;
1302 1180 1335 1246 in

188 1285 250 1353 hoo
272 1286 355 1353 enim
377 1285 460 1352 solet
483 1306 553 1352 esse
576 1305 677 1368 error,
712 1284 798 1366 quod
822 1291 929 1370 potest
949 1285 1019 1351 fieri
1041 1290 1075 1349 ut
1096 1283 1191 1349 homo
1214 1279 1334 1348 homini

94 1414 95 1419 1
139 1396 168 1447 10
189 1388 302 1454 similis
323 1409 387 1454 non
409 1388 467 1471 sit,
500 1394 535 1454 at
564 1387 681 1454 multas
709 1386 808 1472 partis
839 1387 957 1454 habeat
984 1386 1098 1453 similis
1121 1391 1153 1452 et
1174 1382 1248 1450 ideo
1271 1382 1335 1449 diei

187 1489 290 1575 possit
318 1490 431 1556 similis
460 1489 579 1557 habere
615 1490 740 1573 oeulos,
778 1508 906 1571 manus,
944 1488 1060 1573 pedes,
1097 1488 1143 1554 sio
1172 1484 1254 1561 alias
1282 1502 1333 1549 res

188 1592 360 1676 separatim
383 1599 416 1658 et
439 1611 503 1658 una
531 1593 647 1675 plures.
705 1593 818 1673 Itaque
847 1591 932 1673 quod
962 1591 1132 1671 diligenter
1160 1586 1376 1670 1116111111]ιᾷ
1400 1592 1417 1652 7

188 1694 297 1760 estin
326 1693 449 1774 verbis,
486 1711 565 1774 quas
600 1693 701 1777 partis
738 1699 770 1758 et
806 1700 882 1775 quot
915 1691 1019 1759 modis
1046 1698 1192 1778 oporteat
1220 1689 1333 1757 similis

189 1794 308 1861 habere
339 1789 429 1879 [quae
456 1794 572 1856 similia
601 1791 677 1879 esse]
707 1792 869 1878 dicuntur,
906 1801 940 1861 ut
974 1794 1058 1860 infra
1085 1793 1269 1878 apparebit,
1306 1791 1334 1859 is

138 1904 166 1955 15
188 1896 277 1963 loeus
299 1895 439 1960 maxime
461 1894 601 1961 lubrions
623 1901 680 1962 est.
726 1895 808 1974 Quid
837 1897 922 1963 enim
948 1896 1082 1963 similius
1104 1893 1487 1980 praestruebamus>

187 1996 369 2076 indiligenti
401 2017 496 2079 quam
526 1997 588 2063 dno
618 1998 718 2064 verba
745 1998 826 2065 haee
855 1997 928 2063 Suis
964 2003 996 2064 et
1028 1998 1125 2065 Suis?
1159 2017 1241 2080 quae
1270 2018 1334 2064 non

188 2104 274 2182 sunt,
313 2097 397 2182 quod
430 2098 565 2164 alterum
600 2095 684 2185 [non]
718 2097 877 2181 significat
913 2118 1023 2184 suere,
1060 2101 1195 2166 alterum
1232 2118 1333 2166 suem.

187 2200 300 2280 ltaque
322 2199 441 2266 similia
463 2200 595 2266 vocibus
617 2221 687 2269 esse
709 2222 749 2268 ae
768 2201 904 2288 syllabis
930 2199 1131 2284 eonfitemur,
1165 2200 1334 2267 dissimilia

188 2320 260 2368 esse
280 2302 425 2387 partibus
447 2302 598 2369 orationis
615 2301 771 2388 videmus,
795 2302 881 2385 quod
903 2303 1037 2369 alterum
1059 2303 1157 2370 habet
1178 2307 1332 2385 tempora,

134 2415 164 2466 ab
186 2405 321 2471 alterum
351 2423 460 2487 oasus,
493 2423 575 2486 quae
605 2403 688 2471 duae
717 2426 768 2473 res
797 2406 849 2472 vel
879 2405 1019 2471 maxime
1047 2405 1228 2471 discernunt
1256 2423 1331 2469 ana·

187 2505 298 2591 logias.
356 2506 437 2573 Item
468 2506 695 2591 propinquiora
726 2527 844 2591 genere
881 2507 964 2572 inter
995 2525 1030 2573 se
1062 2507 1162 2573 verba
1194 2504 1372 2583 similem§
1398 2505 1417 2568 8

186 2626 284 2690 saepe
318 2608 447 2691 pariunt
481 2627 621 2675 emonem
653 2617 688 2674 ut
719 2609 752 2674 in
785 2609 860 2692 hoo,
897 2607 983 2690 quod
1011 2609 1132 2675 Nemus
1161 2613 1193 2674 et
1226 2608 1333 2693 Lepus

186 2707 312 2777 videtur
338 2729 409 2778 esse
433 2709 555 2794 simile,
590 2729 685 2794 quom
714 2715 882 2793 utrumque
911 2710 1030 2777 habeat
1060 2707 1195 2777 eundem
1223 2729 1332 2775 ausum

270 2894 302 2950 F.
321 2892 368 2950 fol.
388 2894 450 2948 aab
468 2895 600 2950 orationis

272 3093 439 3156 l‘neutrum
460 3101 527 3162 fort.
544 3092 606 3155 del?
622 3099 694 3170 LSp.
721 3130 755 3138 -
782 3103 796 3153 3
815 3100 1072 3209 habeantiubabent
1088 3100 1151 3170 Vp,
1172 3093 1251 3171 ‘fort
1270 3099 1330 3157 del?

185 3217 255 3287 LSp.
275 3247 308 3256 —
327 3222 343 3273 6
360 3217 401 3283 fit]
420 3218 474 3274 fuit
490 3220 522 3287 F,
547 3235 618 3274 oorr.
636 3219 725 3288 vulg.
743 3250 777 3258 -
796 3225 810 3272 ’1
829 3222 919 3288 quom]
938 3221 982 3305 qni]
1003 3219 1041 3288 F,
1068 3235 1131 3274 cum
1153 3218 1270 3276 ceteri.
1297 3249 1331 3258 ——

186 3320 201 3370 8
216 3311 296 3385 ‘fort
314 3313 433 3375 dicatur’
450 3319 523 3389 LSp.
548 3351 581 3360 -
608 3321 682 3391 quoi]
700 3321 770 3391 usp,
797 3321 863 3392 quin
881 3322 926 3377 cui
942 3323 975 3391 F,
1002 3323 1068 3393 quin
1084 3323 1147 3392 quoi
1166 3322 1239 3389 GH,
1265 3321 1331 3391 qnid

186 3400 231 3455 cui
248 3403 334 3470 vulg.
362 3433 395 3441 -
424 3408 454 3458 to
473 3404 578 3470 similis]
596 3405 658 3477 Vp,
685 3406 771 3461 simile
794 3406 827 3462 F.
855 3436 890 3446 -
915 3423 970 3463 non
994 3408 1031 3463 sit
1052 3409 1090 3474 at]
1112 3406 1176 3475 LSp
1200 3407 1264 3460 olim
1282 3406 1332 3476 qui

180 3491 281 3556 postea
297 3501 353 3541 non
371 3485 407 3541 sit
424 3490 466 3542 set
482 3493 514 3543 ut
531 3489 662 3556 coniecit,
679 3491 787 3546 sitnon
805 3491 841 3547 sit
858 3494 889 3546 ut
906 3493 939 3560 F,
957 3491 994 3546 sit
1011 3496 1039 3546 et
1055 3507 1111 3546 non
1128 3491 1166 3545 sit
1182 3495 1214 3546 ut
1230 3490 1330 3560 vulp,

186 3569 281 3625 similis
299 3571 336 3626 sit
353 3575 384 3626 ut
400 3575 432 3626 ut
448 3591 476 3642 p.
493 3603 528 3612 -
548 3577 579 3628 12
593 3568 679 3644 ‘quod
694 3575 764 3645 fort.
783 3571 844 3630 del?
863 3575 933 3643 Lsp.
952 3605 984 3615 -
1005 3581 1036 3632 13
1054 3580 1120 3644 quot
1137 3576 1233 3640 modis]
1248 3569 1330 3644 ‘fort

186 3652 366 3724 quoiusmodi'
386 3655 456 3724 usp.
483 3688 517 3696 -
545 3663 577 3713 14
594 3674 663 3728 quae
681 3659 781 3714 similia
801 3667 872 3725 esse]
895 3661 958 3714 odd.
982 3661 1060 3731 LSp,
1086 3661 1148 3715 item
1171 3661 1274 3716 habere
1299 3663 1331 3715 nt

185 3739 284 3795 similia
301 3739 429 3796 dicuntur
440 3740 576 3812 Madvig
587 3745 656 3799 Λᾶν.
669 3745 704 3814 11,
718 3748 775 3800 178.
795 3749 920 3814 oporteat
937 3749 970 3801 ut
985 3745 1080 3801 similis
1099 3745 1226 3800 dicantur
1243 3744 1328 3812 vulg.

185 3825 262 3895 eorus.
280 3824 402 3880 Reiter
418 3843 445 3895 p.
464 3832 497 3881 to
515 3845 555 3898 sq.
572 3860 605 3869 —
627 3834 657 3885 11
675 3834 741 3894 non]
760 3846 812 3885 om.
829 3847 857 3901 p,
874 3830 961 3899 vulg.
981 3861 1012 3869 —
1034 3833 1065 3884 18
1082 3830 1184 3900 itaque]
1201 3829 1330 3899 itaquae

184 3911 326 3978 Miiller,
342 3911 436 3980 itaque
452 3928 522 3980 quae
539 3914 602 3984 LSp
620 3929 674 3984 quo
691 3931 748 3970 aon
764 3915 872 3970 videtur
894 3932 964 3987 opus
986 3931 1053 3970 esse.
1080 3946 1113 3954 -
1139 3918 1219 3969 'lesse
1242 3913 1328 3968 'noei-

184 3996 236 4051 bus
253 3998 276 4051 F
295 3996 385 4065 (Keil),
406 4012 466 4053 esse
483 3999 597 4054 uocibus
616 3999 733 4055 ceteri.
759 4030 794 4039 -
820 4004 853 4054 20
871 3999 1023 4068 analogiam
1039 4000 1074 4054 H.
1101 4029 1136 4039 -
1162 4002 1199 4074 22Ι
1212 4013 1278 4069 sepe
1295 3998 1327 4053 F.

181 4110 216 4122 -
235 4086 339 4146 nemus]
358 4096 487 4137 numerus
503 4083 554 4139 Fa
576 4083 713 4140 Laetus.
732 4115 765 4124 ·-
782 4101 879 4140 nemus
896 4086 975 4154 lepus
994 4084 1062 4140 GH.
1089 4113 1122 4124 -
1149 4086 1181 4137 23
1200 4082 1329 4139 uidentur

182 4181 209 4234 p.
228 4197 261 4206 —
280 4172 368 4236 quom]
386 4169 458 4237 qnod
475 4183 537 4223 cnm
547 4170 581 4237 F,
600 4170 647 4239 qui
665 4186 726 4224 eum
742 4185 770 4238 p,
789 4171 862 4238 qnod
878 4171 975 4238 vulg,
994 4185 1055 4224 eum
1066 4168 1138 4238 LSp,
1155 4167 1232 4240 quod
1248 4184 1328 4238 quom

182 4250 294 4321 scripsit
309 4252 440 4308 Muller.
