3038 5048
529 343 643 401 LIBER
659 343 791 402 NONUS.
825 345 904 412 534.
922 345 964 400 35.
1256 341 1317 402 205

171 515 291 603 pinum,
314 517 450 584 alterum
465 516 690 600 voluntarium,
712 515 801 583 utin
823 515 955 600 fabrica,
978 534 1050 582 oum
1063 512 1175 581 rident
1189 533 1318 581 scenam

171 618 261 685 utin
282 616 463 686 dexteriore
481 625 574 702 parte
593 619 657 685 sint
675 616 768 702 ostia,
790 617 837 684 sic
859 637 930 684 esse
950 617 983 684 in
1005 616 1200 684 sinisteriore
1221 615 1318 683 simili

172 721 298 788 ratione
319 719 453 804 factam,
475 718 517 787 de
540 719 590 786 bis
611 717 736 787 duobus
757 718 928 802 generibus
949 719 1126 785 naturalem
1149 737 1220 785 esse
1242 733 1418 785 ana-ocur

171 822 295 906 logian,
324 826 360 886 ut
380 820 423 888 sit
443 820 477 886 in
499 821 638 891 motibus
659 820 756 898 caeli,
788 821 1003 889 voluntariam
1025 841 1088 888 non
1110 839 1198 904 esse,
1231 819 1318 905 quod

134 935 150 986 ι
172 928 207 990 ut
228 923 366 1008 quoique
387 923 480 991 fabro
500 924 638 992 lubitum
660 923 702 989 sit
722 922 824 1009 possit
845 922 951 992 facere
972 923 1073 1009 parfia
1102 942 1233 1007 scenae,
1270 921 1317 990 sic

171 1025 205 1090 in
226 1023 390 1092 hominnm
411 1025 555 1110 partibus
577 1044 648 1093 esse
669 1023 850 1108 analogias,
882 1025 968 1111 quod
996 1044 1052 1093 cas
1073 1030 1188 1091 natura
1209 1022 1317 1108 faciat,

171 1127 204 1192 in
219 1127 327 1194 verbis
349 1148 412 1195 non
435 1147 516 1212 esse,
539 1125 625 1209 quod
647 1146 687 1193 ea
707 1126 851 1195 homines
873 1126 916 1194 ad
938 1147 1029 1195 suam
1052 1126 1186 1212 quisque
1205 1126 1317 1193 volun-

172 1234 271 1297 tatem
304 1228 421 1313 fingat,
456 1228 567 1311 itaque
599 1228 641 1297 de
675 1229 796 1296 eisdem
831 1230 927 1296 rebus
962 1228 1029 1295 alia
1060 1229 1160 1295 verba
1196 1227 1317 1295 habere

173 1331 323 1415 Graecos,
346 1331 411 1398 alia
434 1330 542 1416 Syros,
564 1330 629 1399 alia
644 1330 776 1398 Latinos
797 1366 841 1378 —
862 1351 922 1415 ego
946 1329 1125 1398 declinatus
1146 1329 1316 1397 verborum

120 1442 151 1495 1⁰
173 1439 204 1500 ct
225 1431 421 1501 voluntarios
443 1438 475 1498 ct
496 1431 651 1499 naturalis
673 1452 743 1501 esse
764 1438 858 1519 puto,
891 1433 1088 1500 voluntarios
1116 1431 1232 1516 quibus
1258 1429 1418 1498 boun-4⁸¹¹

172 1535 274 1602 mines
307 1534 466 1602 vocabula
494 1534 691 1620 imposierint
717 1535 813 1602 rebus
842 1533 1017 1621 quaedam,
1049 1538 1084 1602 ut
1111 1534 1153 1601 ab
1181 1533 1316 1601 Romulo

170 1638 289 1721 Roma,
310 1637 352 1703 ab
374 1636 494 1703 Tibure
516 1635 682 1720 Tiburtes,
711 1636 874 1705 naturales
898 1633 951 1723 [ut]
975 1637 1018 1704 ab
1040 1635 1198 1722 impositis
1220 1654 1315 1703 voca·

171 1737 256 1805 bulis
279 1757 362 1822 quae
383 1737 577 1805 inclinantur
596 1736 630 1802 in
651 1743 797 1822 tempora
823 1745 878 1805 aut
904 1739 937 1803 in
960 1758 1070 1823 casus,
1103 1742 1138 1804 ut
1166 1738 1208 1804 ab
1239 1734 1317 1823 [llo-

171 1837 281 1926 muloa]
304 1839 441 1907 Romulo
462 1837 590 1905 Romuli
612 1838 782 1906 Romulum
810 1846 842 1906 et
871 1841 913 1906 ab
935 1840 1017 1908 Dico
1039 1839 1196 1908 Dicebam
1217 1840 1315 1909 Dixe-

117 1951 150 2004 ιι
170 1962 250 2009 ram.
308 1942 420 2024 Itaque
447 1940 481 2007 in
509 1939 697 2006 voluntariis
724 1939 992 2009 declinationibus
1012 1941 1227 2010 inconstantia
1255 1949 1313 2027 est,
1336 1957 1357 2039 g
1381 1958 1418 2022 35

170 2045 205 2111 in
226 2041 423 2110 naturalibus
445 2040 640 2124 constantia,
662 2060 743 2125 quas
764 2047 917 2125 utrasque
939 2042 1088 2125 quoniam
1110 2042 1153 2111 ici
1174 2064 1237 2112 non
1260 2043 1314 2112 de·

172 2146 270 2213 beant
284 2163 401 2228 negare
416 2161 487 2210 esse
501 2144 534 2208 in
549 2143 703 2229 oratione,
726 2162 822 2225 quom
836 2143 869 2210 in
884 2144 993 2210 mundi
1008 2144 1153 2229 partibus
1168 2144 1315 2214 omnibus

170 2347 243 2404 natis
266 2348 365 2404 retinet
387 2348 475 2417 vulg.
499 2346 566 2402 satis
588 2345 815 2415 Augustinus.
838 2345 906 2402 daec
928 2345 1116 2418 adempturut
1132 2347 1210 2418 LSp:
1236 2342 1315 2416 ‘fort

172 2449 207 2489 ex
223 2433 292 2490 satis
308 2437 461 2489 nascuntur
476 2431 598 2488 lentibus
614 2431 696 2487 lentis
715 2473 722 2486 .
742 2471 750 2486 .
769 2431 809 2486 sic
832 2447 867 2487 ex
886 2430 989 2499 lupinis
1008 2427 1119 2500 lupini’,
1145 2431 1196 2486 sed
1217 2438 1316 2504 postca

171 2534 206 2575 ex
223 2518 290 2574 satis
309 2518 429 2574 induxit.
447 2548 481 2559 -
499 2518 539 2574 sic
556 2521 600 2582 ex]
617 2514 658 2573 sic
675 2520 704 2572 et
719 2517 817 2585 libri,
834 2515 1041 2572 ficeiLachm.
1059 2517 1218 2574 annueret.
1235 2534 1263 2588 p.
1274 2523 1317 2589 56,

172 2603 246 2659 cicer
269 2603 336 2658 Ant.
360 2602 504 2658 Miller.
533 2631 567 2642 -
596 2600 701 2671 lupino]
731 2600 840 2667 addidi,
870 2617 923 2658 om.
949 2600 1047 2669 libri,
1076 2600 1129 2658 oid.
1158 2617 1253 2674 supra.
1282 2632 1317 2642 —

172 2691 188 2742 2
206 2687 358 2743 sinistriore
374 2686 414 2741 M.
437 2716 471 2727 -
498 2689 514 2740 3
532 2686 607 2742 facta
623 2687 712 2756 vulg.
730 2703 768 2742 ccc
784 2686 818 2741 B.
831 2682 913 2757 ‘fort
931 2683 1007 2742 iacta
1023 2681 1061 2741 et’
1080 2685 1152 2756 usp.
1179 2717 1213 2727 -
1237 2684 1316 2758 ‘sort

171 2771 201 2826 in
218 2771 339 2826 naturali
356 2787 416 2827 esse
435 2811 441 2825 .
462 2770 686 2827 ‚involuntario
707 2770 751 2828 vel
770 2770 922 2826 naturale.
942 2810 949 2824 .
966 2763 1163 2825 voluntarium'
1185 2770 1255 2840 usp.
1283 2801 1317 2812 -

172 2856 333 2925 analogiceu
350 2854 422 2925 ΜΒ,
443 2857 581 2912 Laetus.
606 2887 639 2896 -
663 2859 679 2909 5
697 2855 823 2926 quoique]
841 2857 873 2925 B,
891 2869 998 2925 quoque
1016 2853 1048 2923 F,
1066 2853 1164 2924 cuique
1180 2855 1265 2924 vulg.
1283 2885 1318 2896 -

173 2945 189 2996 6
207 2941 356 3010 analogius]
373 2941 514 3011 analogias
531 2941 672 2997 naturales
688 2958 716 3013 p.
744 2972 777 2982 -
801 2937 880 3012 ‘fort
902 2938 1047 3008 analogian
1063 2940 1137 3009 quod
1155 2936 1226 2995 eum'
1244 2939 1317 3010 usp.

172 3056 206 3067 -
223 3030 279 3091 eas]
296 3025 439 3095 Laetus,
456 3041 491 3082 ea
507 3025 540 3081 F.
557 3056 592 3066 —
609 3025 678 3082 facit
694 3026 733 3096 M,
750 3026 895 3093 Laetus,
912 3023 981 3080 fecit
996 3024 1081 3094 vulg.
1100 3053 1135 3064 -
1152 3028 1251 3088 lesse]
1267 3040 1317 3081 na·

171 3111 270 3168 turalis
287 3111 381 3168 itidem
398 3111 448 3167 sed
463 3110 632 3168 voluntarios
648 3128 677 3183 p,
697 3127 758 3166 csse
774 3109 914 3166 naturales
931 3109 1026 3164 itidem
1043 3109 1092 3165 sed
1103 3109 1272 3167 voluntarios
1284 3110 1318 3167 V.

172 3227 206 3238 -
223 3201 265 3262 ea]
283 3200 312 3252 ct
329 3197 368 3266 M,
385 3197 526 3252 Laetus.
553 3226 587 3237 -
614 3195 890 3264 Stingantuldus,
911 3193 1019 3264 fingunt
1035 3194 1108 3264 ΜΒ,
1124 3195 1265 3251 Laetus.
1284 3225 1320 3235 -

172 3284 189 3335 9
207 3280 276 3337 siros
293 3279 327 3335 F.
353 3312 387 3321 -
414 3285 445 3336 10
463 3281 631 3337 voluntarios
649 3281 773 3351 quibus.
793 3321 800 3334 .
818 3279 881 3335 aliis
898 3278 988 3336 verbis
1009 3282 1046 3349 (p.
1065 3283 1319 3349 205‚10-208,15)

172 3381 224 3418 cm.
242 3365 276 3422 V.
293 3394 329 3406 -
348 3369 378 3419 11
396 3363 568 3435 imposierint
585 3365 663 3435 FM,
682 3365 874 3436 imposuerunt
892 3363 987 3434 GHp,
1004 3364 1184 3434 imposuerint
1200 3363 1318 3420 ceteri.

172 3448 248 3517 conf.
270 3448 308 3503 ad
329 3463 357 3518 p.
376 3451 418 3516 39,
435 3453 460 3503 5.
488 3479 522 3490 -
549 3451 582 3503 12
598 3448 694 3519 tybere
715 3449 841 3519 tyburtes
865 3449 898 3517 F,
925 3448 1048 3504 Tiburno
1072 3448 1218 3504 Ursinus
1243 3447 1321 3521 apud

172 3531 332 3604 Scioppium
348 3528 428 3602 ‘fort
446 3533 547 3589 Tiburs
563 3538 595 3588 ut
611 3533 678 3589 VIM
695 3535 712 3602 ᾖ
731 3532 776 3588 53'
795 3534 868 3604 LSp.
885 3563 920 3574 -
936 3536 976 3598 ut]
1002 3528 1081 3604 ‘fort
1099 3532 1152 3587 del.
1169 3533 1213 3588 uel
1228 3536 1321 3588 autem

173 3609 263 3673 scrib?
287 3616 358 3687 usp.
385 3645 420 3656 -
447 3620 479 3671 13
497 3633 568 3686 quac
591 3617 767 3684 inclinantur]
789 3613 871 3690 ‘fort
894 3618 957 3688 quei
979 3613 1163 3673 declinantur‘
1189 3617 1259 3687 usp.
1286 3646 1320 3657 -

173 3706 296 3774 tempore
318 3701 452 3772 1⁴*ch.
475 3695 557 3772 ‘fort
579 3701 610 3756 in
631 3718 712 3758 casus
735 3707 785 3759 aut
807 3703 838 3758 in
859 3695 998 3771 tempora'
1020 3701 1092 3772 LSp.
1118 3731 1154 3742 —
1177 3701 1320 3768 Romulus]

174 3785 280 3842 addidit
296 3786 382 3856 vulg.
403 3781 481 3857 ‘sort
498 3785 631 3843 Romulus
648 3786 764 3844 Romulo
781 3783 939 3844 Romulum’
959 3786 1031 3857 LSp.
1058 3817 1092 3827 -
1120 3790 1152 3841 ιι
1169 3785 1227 3841 (lixi
1244 3786 1321 3841 dixe·

173 3887 233 3927 ram
245 3860 451 3943 Stephanus.
469 3899 505 3910 —
524 3875 555 3924 15
567 3871 710 3942 itaqueln]
721 3872 815 3942 itaque
832 3873 911 3928 utin
928 3872 990 3927 aliis
1008 3886 1116 3941 quoque
1133 3871 1216 3927 rebus
1234 3870 1321 3927 sicin

174 3956 257 4011 rebus
280 3955 383 4012 accidit
403 3955 469 4026 quia
493 3954 524 4009 iu
544 3973 571 4028 p.
598 3988 632 3999 -
659 3961 691 4012 16
709 3957 874 4022 constantia]
898 3957 1086 4013 inconstantia
1102 3956 1126 4011 F
1145 3955 1236 4025 (Keil),
1255 3971 1321 4012 con-

175 4040 279 4096 stantia
300 4057 372 4096 corr.
390 4056 428 4096 ccc
448 4041 635 4097 inconstantia
651 4041 675 4096 F
693 4042 811 4112 (Groth),
837 4041 995 4097 constantIa
1011 4041 1041 4096 in
1058 4040 1098 4095 M.
1122 4071 1158 4080 -
1183 4040 1321 4112 quoniam]

173 4120 253 4193 ‘sort
270 4139 360 4195 quom,
376 4125 432 4180 nisi
447 4125 548 4183 debent
563 4126 708 4199 empseris
725 4143 786 4182 cum
802 4121 833 4198 p'
847 4126 919 4196 LSp.
938 4157 972 4167 -
987 4125 1033 4191 isi]
1056 4126 1094 4181 lei
1112 4125 1225 4198 GHap,
1241 4125 1272 4181 id
1283 4126 1322 4195 M,

175 4209 315 4264 Laetus.
342 4239 377 4250 -
405 4215 436 4266 17
454 4215 543 4282 quom]
561 4227 588 4282 a,
605 4225 685 4281 quam
703 4211 832 4282 FGHp,
859 4227 929 4282 quae
945 4210 1121 4281 Rholand,
1144 4211 1218 4281 quod
1234 4211 1321 4282 vulg.

176 4309 214 4350 ecc
230 4293 264 4348 B.
282 4294 321 4364 os.
338 4295 356 4364 ς
375 4298 432 4353 113.
