3038 5048
458 339 572 395 11111
590 341 755 410 colurus.
793 343 809 410 s
827 346 938 396 11-11.
1230 345 1267 403 11

121 531 141 576 a
163 511 287 596 virgine
310 511 439 578 Vestale
462 512 617 598 Tarpeia,
645 532 727 594 quae
756 514 800 579 ibi
824 515 865 579 ab
888 514 1015 581 Savinis
1038 522 1150 582 necata
1173 518 1270 584 armis

122 621 155 683 et
178 614 319 700 sepulta,
347 613 435 680 euius
457 616 594 681 nominis
624 616 851 682 monimentum
874 615 1031 699 relictum,
1063 618 1268 697 quodetiam

122 736 207 783 nunc
235 715 303 781 eius
334 735 430 800 rupes
460 716 632 800 Tarpeium
668 718 847 801 appellatur
880 737 1002 784 saxum.
1054 719 1147 786 Hunc
1175 728 1270 789 antea
1291 725 1310 803 ἓ
1333 727 1373 786 42

123 823 263 886 montem
287 816 469 885 Saturnium
492 819 689 904 appellatum
709 818 920 904 ¹prodiderunt
945 827 978 886 et
1000 820 1040 886 ab
1063 842 1102 888 eo
1124 824 1189 889 late
1212 822 1269 890 Sa-

90 920 259 986 eturniam
283 925 408 1002 terram,
432 925 466 985 ut
489 921 584 985 etiam
599 921 720 986 Ennius
743 920 895 1007 appellat.
933 923 1098 1005 antiquum
1118 924 1270 1008 oppidum

124 1023 159 1088 in
180 1021 241 1088 hoc
268 1022 366 1087 fuisse
390 1021 571 1088 Saturniam
600 1022 756 1089 scribitur.
801 1022 869 1088 eius
898 1024 1034 1106 vestigia
1063 1024 1160 1091 etiam
1187 1046 1271 1094 nunc

125 1131 255 1190 manent
277 1124 353 1207 tria,
383 1126 469 1207 quod
491 1125 620 1190 Saturni
642 1127 750 1191 fantum
773 1125 806 1191 in
828 1125 990 1209 faucibuS,
1013 1127 1099 1207 quod
1122 1126 1272 1195 Saturnia

124 1233 219 1310 porta
247 1246 341 1308 quam
365 1227 471 1292 lunius
495 1225 604 1292 scribit
625 1226 685 1308 ibi,
715 1245 810 1307 quam
832 1246 915 1292 nunc
937 1234 1053 1293 vocant
1075 1229 1271 1314 Pandanam,

127 1329 214 1411 quod
235 1334 307 1413 post
329 1329 442 1395 aedem
465 1327 593 1393 Saturni
614 1328 648 1393 in
670 1328 886 1394 aedificiorum
910 1329 1035 1410 legibus
1062 1331 1195 1414 privatis
1217 1351 1272 1415 pa·

73 1443 104 1494 to
125 1431 221 1496 rietes
243 1430 358 1515 postici
380 1430 461 1496 Muri
485 1436 558 1496 sunt
580 1430 698 1514 scripti.
744 1430 936 1497 Aventinum
958 1431 1081 1514 aliquot
1103 1432 1144 1499 de
1167 1434 1272 1500 causis
1293 1442 1313 1521 ξ
1336 1442 1377 1504 43

127 1533 245 1599 dicunt.
282 1533 424 1598 Naevius
448 1533 489 1597 ab
505 1532 618 1599 avibus
642 1532 727 1614 quod
750 1553 787 1598 eo
810 1533 1412 1618 111111111111111111111,(1.111.1

127 1635 183 1700 alii
212 1637 254 1701 ab
281 1653 355 1716 rege
385 1635 543 1700 Aventino
574 1635 716 1716 Albano,
746 1634 832 1715 quod
863 1631 928 1721 [iba]
958 1636 1000 1702 sit
1024 1638 1184 1723 sepultus,
1218 1635 1274 1702 alii

126 1737 320 1803 Aventinum
347 1737 389 1801 ab
419 1736 559 1802 adventu
580 1736 758 1819 hominum,
788 1738 874 1820 quod
902 1757 1068 1804 commune
1092 1737 1274 1804 Latinorum

127 1839 174 1904 ibi
188 1840 313 1905 Dianae
336 1839 488 1923 templum
510 1839 552 1903 sit
575 1839 786 1904 constitutum.
825 1841 892 1922 Ego
909 1840 1048 1906 maxime
1070 1847 1145 1925 puto
1165 1837 1274 1926 [quod]

75 1955 105 2006 15
127 1942 170 2007 ab
193 1940 346 2023 advectu,
375 1961 449 2006 nam
472 1941 547 2005 olim
570 1940 740 2024 paludibus
770 1960 860 2007 mons
890 1948 960 2007 erat
985 1943 1026 2007 ab
1056 1942 1187 2024 reliquis
1210 1941 1275 2008 dis·

128 2045 244 2109 elusus.
280 2045 390 2128 itaque
406 2064 443 2109 eo
459 2063 500 2108 ex
516 2043 592 2107 urbe
608 2041 848 2116 advehebantur
867 2042 999 2126 ratibus,
1023 2043 1112 2108 ouius
1127 2043 1274 2129 vestigia,

129 2146 215 2228 quod
237 2166 276 2210 ea
298 2165 362 2227 qua
382 2149 518 2227 coctum,
549 2141 663 2208 dicitur
684 2144 866 2226 velabrum,
897 2152 930 2208 et
951 2143 1036 2209 unde
1060 2145 1275 2211 ascendebant
1284 2167 1348 2218 (uso
1357 2163 1415 2215 spa)

128 2246 172 2312 ad
194 2245 336 2313 infimam
357 2246 585 2328 novamviam,
608 2246 697 2310 loeus
719 2245 871 2310 sacellum
884 2245 1066 2310 Velabrum.
1103 2246 1276 2310 Velabrum
1297 2254 1317 2332 ξ
1340 2258 1381 2317 44

130 2349 321 2416 evehendo.
354 2349 539 2414 Velaturam
555 2349 660 2412 facere
676 2349 773 2412 etiam
795 2365 878 2412 nunc
901 2346 1047 2411 dicuntur
1069 2348 1123 2427 qui
1145 2345 1179 2409 id
1195 2366 1276 2413 mer·

215 2601 238 2655 F
257 2599 303 2654 iol.
323 2601 363 2653 41
381 2599 420 2652 ibi
438 2599 545 2654 11111111.

220 2825 231 2873 1
251 2819 348 2876 vestali
365 2821 503 2875 Laetus.
523 2851 555 2859 —
574 2819 687 2885 sauinis]
705 2823 745 2874 sic
763 2819 840 2888 va.
859 2849 892 2858 —
910 2821 1010 2873 necata
1027 2817 1109 2872 armis
1127 2823 1280 2887 necataque

129 2904 239 2974 sepulta
257 2903 393 2976 Epitome,
411 2906 482 2960 aride
500 2909 582 2975 atque
600 2905 709 2975 sepulta
726 2904 842 2959 Brink.
862 2935 895 2942 -
914 2908 929 2956 4
946 2904 1011 2968 late]
1030 2903 1140 2958 Latium
1161 2902 1279 2958 Brink.

129 3021 164 3029 -
183 2994 323 3045 saturnum
341 2991 364 3044 F
383 2992 498 3058 (Groth).
518 3022 551 3029 -
570 2995 584 3043 5
603 2990 753 3059 antiquum]
772 2991 831 3043 aia
843 3005 899 3042 rus.
919 2988 951 3043 F.
971 3019 1003 3028 -
1023 2992 1038 3042 6
1056 2989 1085 3042 in
1103 2989 1156 3043 hoe
1175 3029 1182 3042 .
1203 3029 1209 3041 .
1228 2988 1279 3044 Sa·

129 3075 259 3140 turniam]
277 3076 366 3146 vulg.
384 3093 422 3131 ex
439 3077 471 3144 B,
496 3076 596 3131 iubae
616 3116 622 3128 .
643 3117 649 3129 .
670 3115 676 3128 .
695 3075 820 3130 saturnia
836 3074 929 3128 libri.
952 3104 986 3112 -
1011 3077 1025 3128 8
1044 3089 1175 3128 uoeamus
1193 3073 1280 3140 Epi-

130 3166 229 3215 tome.
254 3191 287 3200 -
314 3166 343 3215 10
361 3161 432 3216 muri
450 3161 572 3217 Saturnii
590 3165 654 3216 sunt
673 3159 768 3230 scripti
785 3159 903 3215 Brink.
940 3159 1016 3228 cons.
1037 3158 1157 3213 Christ
1181 3157 1279 3212 Philol.

130 3247 196 3302 XVI
212 3265 240 3315 p.
260 3250 319 3301 454.
333 3277 365 3285 -
385 3251 414 3300 11
428 3247 526 3301 neuius
538 3245 570 3300 F.
590 3277 622 3285 -
640 3245 729 3316 tyberi
741 3245 773 3300 1².
792 3276 825 3284 —
846 3249 877 3298 12
892 3245 927 3298 ab
939 3260 1002 3312 rege
1021 3244 1182 3298 albanorum
1195 3257 1280 3296 auen·

130 3331 189 3386 tino
207 3331 377 3400 Epitome,
394 3329 473 3401 ‘sort
492 3331 527 3385 ab
539 3331 674 3386 Aventino
692 3346 756 3398 rege
768 3323 945 3384 Albanorum'
963 3327 1034 3398 LSp.
1054 3359 1087 3367 -
1104 3327 1151 3392 ibi]
1171 3325 1281 3381 addidit

131 3416 278 3483 Laetus,
296 3433 348 3470 om.
366 3416 462 3470 libri.
480 3447 513 3455 —
533 3421 563 3470 13
577 3415 796 3470 aduentinumM
811 3420 883 3468 recte
898 3421 929 3467 ut
943 3412 996 3467 oid.
1017 3442 1051 3451 —
1069 3427 1182 3466 comune
1194 3410 1227 3464 F.
1248 3441 1281 3449 -

133 3505 166 3554 14
175 3503 248 3570 quod
258 3519 309 3554 our.
319 3501 358 3567 M,
368 3501 509 3567 Laetus,
521 3497 598 3568 ‘fort
609 3501 643 3555 ab
654 3517 685 3555 eo
695 3500 767 3569 quod
775 3493 928 3554 advectum'
940 3497 1012 3566 LSp.
1032 3496 1105 3564 quod
1116 3495 1279 3551 seruandum

126 3593 231 3655 putarat
249 3586 387 3653 11111111,
406 3585 521 3640 Groth.
541 3616 573 3624 -
594 3590 625 3639 16
643 3585 858 3647 advehebantur]
877 3584 924 3653 qui
942 3583 1147 3637 advehebantur
1163 3580 1278 3648 ratibus,

131 3671 313 3739 quadrantem
331 3669 472 3725 solvebant
489 3670 532 3738 M,
552 3670 690 3724 Laetus.
719 3701 751 3709 -
780 3675 809 3724 11
829 3668 902 3738 quod
925 3668 958 3721 de
976 3682 1049 3734 aqua
1070 3670 1128 3719 tum
1147 3664 1280 3719 Turne·

133 3756 204 3810 bus.
224 3787 257 3795 -
275 3772 330 3824 qua
345 3759 461 3819 vectum]
480 3756 551 3823 LSp,
574 3759 687 3823 quatum
704 3755 737 3823 F,
764 3771 817 3823 qua
834 3760 892 3809 tum
909 3752 1078 3807 vehebantur
1100 3749 1182 3803 etiam
1207 3764 1281 3803 nune

132 3840 272 3908 Mitller,
291 3855 345 3910 qua
362 3844 420 3894 turn
437 3841 543 3894 ratibus
561 3840 717 3894 transibant
734 3840 899 3894 Huschke
917 3839 991 3892 Serv.
1004 3836 1018 3888 Ι
1029 3852 1056 3904 p.
1067 3838 1099 3888 91)
1118 3863 1150 3871 -
1169 3833 1280 3899 dicitur]

132 3926 190 3979 itur
208 3926 333 3989 Aldus,
357 3926 450 3980 ibatur
467 3925 691 3992 Vertranius,
717 3927 776 3979 tum
793 3922 997 3978 descendebant
1014 3924 1042 3974 et
1059 3919 1131 3972 unde
1149 3919 1281 3974 ascende-

34 4062 47 4074 ,
133 4011 202 4065 bant
219 4011 242 4064 B
261 4017 286 4064 et
302 4012 331 4064 tu
349 4027 436 4080 mcrq.
454 4009 540 4078 vulg.
568 4039 602 4048 —
629 4009 815 4064 ascendebant
832 4008 876 4071 M,
895 4007 1040 4071 Laetus,
1058 4003 1221 4072 Epitome.
1248 4034 1282 4043 —

136 4099 167 4149 18
185 4095 314 4161 infimam]
330 4095 523 4160 Turnebus,
540 4093 630 4147 fimam
647 4094 750 4160 libri,
768 4109 873 4148 rumam
890 4092 929 4158 M,
941 4091 1127 4144 Laetus-
1145 4088 1222 4144 loeus
1236 4089 1283 4158 qui

134 4179 236 4234 dicitur
248 4182 378 4236 sacellum
387 4180 526 4251 Epitom
534 4196 557 4234 e.
568 4210 602 4218 -
611 4179 767 4242 Velabrum]
775 4180 874 4248 priore
887 4176 946 4230 loeo
957 4174 1063 4228 labrum
1075 4173 1177 4241 libri,
1194 4174 1283 4228 larum

134 4264 222 4334 vulg.
239 4283 278 4320 ex
296 4267 327 4334 B,
348 4266 456 4320 labrum
473 4264 612 4318 velabrum
630 4264 764 4318 Laetus.

188 4368 325 4422 Spengel,
344 4369 411 4410 Varro
425 4368 452 4408 de
465 4367 543 4418 lingna
555 4368 633 4408 latina.
1064 4364 1079 4414 2
