3038 5048
683 269 819 325 Praelatio.

383 448 460 522 apud
481 446 604 504 Ennium
628 444 685 503 Olli
710 488 717 503 .
741 488 748 503 .

381 534 460 607 apud
480 532 603 589 Ennium
626 573 634 589 .
658 573 665 588 .
688 531 800 589 Ancilla

382 617 509 691 Libaque
530 617 656 674 Fictorss
678 619 783 690 Arpeos
805 623 831 671 et
856 614 1003 671 lutulentos

382 704 461 778 opus
481 702 603 759 Ennium
625 742 632 758 .
657 742 664 757 .
689 699 760 758 Coto
783 741 790 757 .
815 739 822 756 .

383 790 461 863 opust
487 788 656 846 Lucilium.
680 829 687 845 .
712 785 827 858 lbynno
851 825 858 840 .
883 827 889 840 .
915 782 1030 842 Cobium
1053 825 1060 840 .
1084 825 1091 840 .
1119 783 1279 860 Superbos
1306 831 1315 846 .
1340 832 1349 852 .

383 874 461 948 opust
484 871 636 928 Ennium.
660 912 667 926 .
692 869 808 927 Cortiuo
831 909 838 924 .
862 909 870 926 .

384 959 462 1031 apud
484 956 606 1012 Ennium
629 997 636 1012 .
661 997 668 1013 .
692 955 900 1012 Perduellibus.

384 1043 461 1115 opui
483 1041 615 1098 Plautum
638 1081 646 1097 .
670 1081 677 1097 .
700 1040 803 1112 lupulo
826 1079 834 1096 .
858 1079 866 1096 .
893 1038 1049 1112 Vesperupo
1072 1080 1079 1096 .
1104 1080 1112 1096 .

382 1126 510 1184 Nosoius
533 1167 540 1181 .
564 1165 571 1181 .
595 1125 761 1198 supremum
784 1166 790 1181 .
815 1165 822 1180 .

383 1213 414 1268 in
438 1209 639 1267 Corniculoria
661 1252 669 1268 .
694 1251 701 1267 .
724 1210 925 1265 Latrocinotus
950 1252 956 1265 .
982 1252 989 1267 .

384 1298 463 1370 aputl
485 1293 625 1352 Naevium
648 1335 655 1350 .
679 1335 686 1350 .
711 1293 926 1351 cassabundum
949 1336 956 1351 .
982 1337 989 1350 .

382 1383 456 1439 torn
472 1379 634 1438 Diabotbro
657 1420 664 1436 .
688 1421 695 1435 .
717 1379 866 1453 Epicroco.

383 1468 414 1523 in
437 1464 626 1523 Menaechmis
650 1505 657 1520 .
681 1505 688 1520 .
714 1505 720 1520 .
747 1462 852 1522 Carere

383 1553 414 1609 in
437 1550 526 1606 Persa
549 1591 556 1607 .
582 1591 589 1606 .
614 1548 754 1621 Conperro
779 1590 786 1605 .
809 1589 816 1604 .

384 1638 415 1692 in
437 1635 626 1693 Menaechmis
650 1675 657 1691 .
682 1676 689 1692 .
712 1634 897 1706 Absoriptiois
921 1673 959 1693 ..

384 1723 414 1777 in
440 1721 599 1775 Trinummo
623 1761 630 1777 .
654 1760 661 1775 .
685 1719 883 1775 Ferentorium
904 1759 912 1775 .
936 1760 942 1774 .

383 1807 415 1861 in
441 1806 604 1861 Trivolorio
628 1845 634 1860 .
659 1845 666 1860 .
690 1804 806 1860 librarii
830 1845 836 1860 .
861 1845 868 1859 .
891 1802 1007 1860 siccensi
1031 1844 1037 1859 .
1062 1844 1068 1859 .

384 1889 526 1946 Pacuuius
549 1906 610 1944 cum
632 1891 713 1946 teum
735 1884 939 1961 triportento*)

383 1976 415 2032 in
440 1974 598 2032 Mercatore
622 2016 629 2030 .
655 2017 661 2030 .
684 1974 817 2030 Dioitliae
840 2016 847 2030 .
872 2015 879 2030 .

383 2061 414 2116 in
437 2060 551 2131 Paeone
574 2101 581 2115 .
606 2059 804 2130 ,Syncerasto
828 2099 836 2115 .
859 2099 867 2114 .

383 2147 414 2202 in
437 2145 570 2202 Parasito
589 2147 673 2219 pipro
698 2185 705 2201 .
730 2185 737 2200 .
764 2145 917 2205 Tramite.
941 2184 948 2201 .

384 2233 414 2287 in
438 2231 577 2303 Fupitiois
601 2272 608 2287 .
633 2272 640 2287 .
670 2228 774 2287 Vioices
798 2270 805 2285 .
831 2270 837 2285 .

384 2318 415 2373 ln
440 2315 603 2373 Cistellaria
627 2358 634 2373 .
659 2358 666 2372 .
690 2315 818 2370 Limaces
843 2355 880 2371 ..

384 2403 561 2466 Diobolores,
584 2401 756 2464 Scenicolae,
780 2398 948 2455 Miraouloc.

383 2488 486 2544 ibidem
508 2484 640 2543 Stratius
662 2485 824 2558 Scrupetlae
846 2482 1035 2542 Strittobilloe
1059 2522 1066 2537 .
1091 2521 1098 2536 .

382 2574 415 2627 in
437 2572 561 2627 Astraba
583 2571 729 2626 Asitiosae
753 2611 759 2626 .
785 2610 792 2624 .

384 2657 416 2712 in
439 2655 590 2711 Cesistione
614 2695 622 2710 .
646 2695 654 2711 .
676 2654 801 2711 Stribulo
825 2695 832 2710 .
857 2695 864 2711 .

383 2742 414 2797 in
436 2737 609 2795 Neruolaria
631 2739 754 2796 Stobino
777 2779 784 2794 .
809 2779 817 2795 .

383 2826 414 2880 in
438 2824 562 2879 Poenulo
587 2864 594 2878 .
618 2864 624 2879 .
647 2825 821 2894 prolatorem
843 2862 850 2877 .
874 2861 882 2878 .

384 2911 415 2964 in
440 2909 608 2964 Truculento
631 2947 639 2963 .
663 2947 671 2963 .
695 2947 702 2961 .
725 2907 865 2981 Proefiea.

385 2995 462 3065 apud
483 2990 607 3047 Ennium
629 3032 636 3047 .
661 3033 668 3049 .
692 2990 841 3048 Coclites.
866 3029 873 3044 .

182 3077 253 3135 Haeo
273 3076 404 3135 voeabula
433 3093 502 3151 quus
530 3078 558 3133 in
585 3076 653 3133 locis
682 3085 747 3133 sunt
773 3083 884 3132 auctore
905 3074 1026 3131 Varrone
1054 3075 1201 3152 explicant,
1235 3076 1263 3131 iu
1292 3075 1335 3134 his

179 3163 267 3221 Plauti
288 3179 381 3221 versus

384 3263 473 3319 neque
494 3247 601 3317 lupulo,
624 3263 714 3319 neque
735 3262 890 3319 vesperupo
911 3260 1000 3318 nequo
1021 3246 1157 3318 uerpilias
1180 3246 1311 3302 occidunt

180 3335 213 3391 ad
237 3342 342 3409 tempus
363 3333 479 3407 pertinet
500 3330 590 3407 ibique
612 3332 654 3398 Vl,
679 3335 696 3391 6
719 3331 770 3388 ism
792 3330 915 3388 laudatus
945 3339 1000 3396 est;
1034 3331 1098 3404 quid
1126 3347 1190 3387 vero
1218 3330 1268 3387 ista
1291 3372 1298 3387 .
1323 3371 1330 3387 .

182 3436 281 3476 cascos
303 3434 349 3475 res
373 3459 380 3475 .
405 3458 413 3474 .
435 3419 568 3488 ambapes
592 3457 599 3472 .
623 3457 630 3472 .
654 3418 758 3489 oiapio
783 3457 790 3472 .
814 3458 821 3474 .
844 3416 895 3473 olli
972 3422 1039 3472 eota
1061 3456 1094 3473 ..
1115 3431 1275 3489 supremum
1298 3456 1329 3472 ..

181 3521 280 3562 carere
295 3543 329 3562 ..
351 3504 476 3560 diuidiae
498 3542 531 3559 ..
552 3502 657 3558 oiaioes
679 3543 712 3563 ..
735 3502 900 3559 ositiosae?
920 3500 987 3558 baso
1008 3509 1036 3558 et
1056 3500 1106 3558 ulia
1127 3517 1193 3556 uum
1214 3501 1241 3556 in
1265 3500 1330 3557 locis

181 3587 268 3648 sunt?
294 3590 338 3646 vix
360 3605 391 3650 ea
411 3586 559 3660 intelliges,
582 3587 605 3642 si
626 3596 738 3661 quartas
759 3587 904 3644 adbaerent
924 3585 1008 3659 porti3
1042 3602 1104 3643 nam
1129 3585 1331 3660 huncquoque

181 3677 322 3733 excedunt.
367 3672 495 3749 Sequitur
515 3671 625 3729 tertium
648 3673 700 3736 Vll,
725 3674 864 3731 72-79:

486 3755 568 3813 Nunc
590 3757 624 3812 tle
646 3758 816 3831 temporibus
838 3757 939 3813 iicom.

386 3843 460 3917 pura
481 3849 522 3898 est
544 3842 622 3914 opud
644 3840 772 3898 Cassium
792 3841 830 3916 (i)
853 3883 861 3898 .
885 3883 893 3898 .
916 3841 1114 3914 Intempesta.
1140 3883 1147 3899 .

387 3929 456 4002 quib
476 3927 566 3984 noctis
587 3926 699 3983 videtur
720 3967 728 3982 .
753 3966 761 3983 .
787 3926 867 3983 Temo
892 3968 899 3984 .
923 3968 931 3984 .

250 4088 277 4155 *J
295 4088 389 4143 Tribus
406 4091 448 4143 his
465 4091 550 4144 verbis
568 4104 645 4143 seusu
658 4089 738 4143 osseis
750 4087 878 4142 Pacuvius
890 4089 1023 4145 Plautinus
1040 4089 1142 4143 isbulss
1159 4089 1329 4155 interrumpit,

182 4160 211 4211 ui
227 4156 292 4210 baec
310 4156 343 4209 ab
361 4157 540 4225 explicandum
557 4159 685 4227 prioribus
703 4156 789 4209 addite
807 4172 865 4211 esse
883 4159 1007 4227 conicias,
1031 4157 1076 4211 seb
1099 4157 1172 4224 plura
1195 4155 1330 4209 intercide·

182 4231 250 4293 suut,
269 4225 319 4278 uisi
336 4224 405 4278 msle
422 4226 524 4280 aliunde
543 4227 666 4279 translata
684 4225 726 4278 hic
743 4225 872 4291 leguntur.
