3038 5048
193 278 253 338 188
527 276 641 334 LIBER
657 277 835 335 OCTAVUS.
870 277 1016 347 §lb-It.

192 456 278 518 esset
299 448 467 532 analogia,
499 449 647 517 similiter
667 457 703 517 ut
724 448 834 517 dicunt
855 451 942 517 Ares
963 447 1051 517 Ores
1074 448 1182 535 Sues,
1211 450 1358 521 decimu

191 552 269 618 item
292 559 326 617 ut
345 552 464 618 Avium
486 550 603 620 Ovium
624 551 747 619 Suium.
791 551 828 618 Si
854 551 1005 637 analogia
1032 558 1099 635 est,
1133 553 1271 639 inquit,
1303 574 1357 622 cur

192 652 331 738 populus
359 653 437 720 dicit
465 654 528 721 Dei
555 655 709 736 Penates,
742 653 805 719 Dei
831 653 1022 737 Consentes,
1056 672 1131 721 cum
1163 655 1213 722 sit
1240 659 1282 722 ut
1305 655 1356 723 bic

85 757 164 839 §ll
190 754 277 820 Reus
298 755 399 821 Ferus
423 757 524 839 Deus,
558 756 605 822 sic
633 755 686 821 bei
709 755 787 821 Reei
808 755 903 822 Ferei
924 755 1030 822 Deci?
1064 755 1153 824 Item
1182 764 1355 843 quaeruut

190 856 219 922 si
241 856 284 921 sit
305 856 465 942 analogia,
488 876 543 924 cur
564 858 731 941 appellant
754 877 865 924 omues
885 855 1000 925 aedem
1015 858 1123 924 Deum
1137 856 1357 927 Consentium
1372 876 1386 926 t

191 963 224 1025 et
244 979 307 1025 nou
330 960 471 1025 Deorum
494 958 724 1025 Consentium?
757 960 840 1026 Item
869 978 950 1042 quor
970 959 1096 1026 dicatur
1123 960 1222 1028 mille
1246 960 1356 1028 Deua

191 1060 289 1142 rium,
311 1081 374 1127 nou
396 1061 485 1126 mille
507 1060 733 1144 Deuariorum3
765 1068 814 1127 est
835 1061 920 1128 euim
942 1063 1004 1129 boc
1024 1060 1229 1129 vocabulum
1250 1061 1358 1149 figura

192 1169 225 1227 ut
240 1162 388 1230 Vatinius
409 1161 559 1228 Manilius
581 1161 744 1246 deuarIus3
768 1162 867 1230 debet
887 1163 984 1247 igitur
1004 1161 1069 1230 dici
1091 1168 1128 1229 ut
1141 1163 1358 1233 Vatiniorum

38 1280 182 1335 (suusne
191 1263 393 1332 Maniliorum
415 1264 641 1348 Deuariorum;
669 1271 702 1330 et
723 1285 787 1331 nou
809 1285 925 1348 equum
947 1265 1110 1350 puplicum
1132 1266 1232 1333 mille
1253 1267 1359 1334 Assa·

192 1365 273 1432 rium
295 1386 381 1450 esse,
404 1363 464 1431 sed
484 1365 573 1432 mille
595 1366 811 1449 Assariorum3
846 1366 888 1432 ab
912 1387 974 1434 uuo
996 1364 1081 1435 euim
1103 1368 1238 1436 aesario
1261 1369 1359 1437 multi
1378 1384 1402 1436 ιι

84 1472 167 1551 §tu
190 1469 320 1552 asserii,
350 1469 392 1534 ab
414 1487 453 1533 eo
475 1467 676 1535 assariorum.
735 1469 814 1534 Item
837 1467 1014 1537 secuudum
1033 1466 1164 1535 illorum
1188 1471 1359 1540 rationem

192 1568 347 1635 debemus
379 1568 528 1637 secundis
560 1568 694 1653 syllabis
731 1569 833 1654 longis
866 1570 1037 1637 Hectorem
1068 1570 1266 1658 Nestorem
1308 1579 1360 1640 est

193 1671 277 1737 euim
306 1678 341 1737 ut
363 1670 519 1749 Quaestor
540 1671 672 1738 Praetor
693 1671 811 1739 Nestor
833 1672 1042 1751 Quaesturam
1070 1673 1267 1742 Praetorem
1291 1677 1359 1743 Ne·

190 1777 325 1857 storum,
362 1773 548 1852 Quaestoris
581 1774 742 1840 Praetbrls
774 1774 936 1856 Nestoris3
974 1781 1005 1841 et
1036 1793 1101 1840 uon
1133 1774 1256 1842 debuit
1289 1777 1359 1845 dici

35 1889 182 1943 (censui
191 1872 313 1952 Quibus
335 1874 405 1957 das,
427 1874 486 1941 His
509 1875 581 1957 das3
609 1883 659 1942 est
680 1876 766 1942 euim
787 1881 822 1941 ut
843 1876 886 1942 Hi
907 1875 969 1955 Qui
991 1875 1050 1942 His
1072 1874 1161 1959 Quis,
1183 1884 1250 1946 aut
1271 1879 1359 1946 sicut
1380 1895 1405 1946 15

84 1979 104 2058 ξ
127 1981 167 2042 73
190 1973 312 2053 Quibus
334 1975 447 2042 Hibus.
501 1975 581 2043 (ium
604 1976 729 2045 dicatur
752 1980 803 2044 Da
824 1978 913 2043 Patri
936 1976 1100 2060 Familias,
1122 1977 1358 2066 iiamalogiss

190 2076 283 2168 sequi
305 2077 436 2170 vellent,
459 2099 524 2172 uon
545 2079 723 2149 debuerunt
744 2078 851 2147 dicere
873 2079 926 2147 bic
947 2086 1039 2164 pater
1059 2079 1240 2166 Familias,
1264 2083 1359 2166 quod

191 2185 240 2246 est
271 2186 306 2245 ut
338 2168 467 2248 libiae
499 2180 662 2249 Scatiuiae
684 2181 856 2262 Familiae,
889 2181 937 2246 sic
962 2202 1027 2247 uua
1053 2180 1165 2247 Atinia
1199 2182 1359 2252 Scatinin

191 2282 338 2349 Familia.
381 2283 463 2349 Item
484 2284 594 2368 plures
615 2289 724 2368 patres
745 2282 900 2359 Familias
926 2283 1032 2350 dicere
1059 2304 1123 2350 uou
1152 2284 1356 2370 debuerunt,

277 2522 291 2570 2
310 2518 400 2572 avium
418 2519 516 2583 ovium]
535 2519 625 2574 orium
642 2520 732 2575 arium
749 2520 889 2575 Laetus.
908 2550 941 2560 -
959 2520 1055 2588 iuquit]
1073 2520 1185 2588 iuquam
1202 2537 1232 2590 p.
1249 2527 1312 2590 179,
1326 2527 1354 2577 4.

189 2631 224 2641 -
251 2602 323 2656 3dii
344 2607 459 2672 penates
483 2603 522 2656 dii
544 2605 630 2673 vulg.
648 2620 687 2660 en
703 2605 736 2659 B.
763 2636 795 2645 -
823 2605 911 2670 thei]
932 2604 959 2659 ei
977 2603 1110 2674 omvp.
1138 2634 1172 2643 -
1198 2605 1262 2660 resi
1279 2605 1354 2663 ferei

190 2686 259 2750 deei]
273 2687 343 2757 LSp,
361 2688 402 2743 rei
419 2687 488 2742 ferei
505 2688 550 2743 dei
562 2691 594 2744 F.
613 2718 648 2728 -
665 2694 784 2758 querunt
793 2691 826 2746 F.
845 2721 879 2729 —
898 2683 1002 2760 5‘fort.
1021 2681 1172 2760 appollent'
1186 2688 1262 2760 LSp.
1277 2690 1353 2746 Mem

191 2772 220 2828 (2.
239 2774 273 2826 F.
291 2773 336 2828 W.
354 2774 483 2829 Miller
501 2791 529 2843 p.
549 2777 607 2828 870.
635 2804 669 2814 -
696 2776 753 2829 ouis
770 2775 802 2829 F.
829 2804 864 2813 -
890 2776 972 2830 aedes
990 2775 1033 2843 M,
1051 2775 1191 2830 Laetus.
1209 2803 1246 2812 —
1265 2775 1352 2831 deum

191 2879 351 2930 consentum
367 2876 407 2943 M,
424 2875 565 2930 Laetus.
583 2907 617 2916 -
636 2880 651 2930 6
670 2854 741 2947 quii}
757 2882 817 2944 (cur
828 2875 891 2931 cdd.
904 2893 938 2928 m.
950 2881 1013 2942 sec.)
1030 2876 1063 2943 F,
1081 2890 1131 2930 cur
1147 2873 1213 2931 Mv
1220 2892 1255 2945 p,
1275 2894 1352 2946 quur

190 2957 223 3012 (i.
251 2988 284 2997 —
312 2963 327 3012 8
346 2960 469 3013 uariuius
487 2961 520 3028 F,
538 2976 610 3014 corr.
627 2961 765 3017 Laetus.
792 2992 826 3001 -
852 2960 983 3016 denarius
1000 2959 1106 3015 secludi
1120 2957 1195 3013 iubet
1211 2959 1289 3031 usp.
1313 2992 1351 3004 -

190 3041 359 3097 uariniorum
375 3044 408 3113 F,
437 3059 507 3098 corr.
527 3045 666 3101 Laetus.
694 3077 728 3087 —
754 3051 770 3100 9
787 3045 927 3116 publicum
945 3061 1016 3098 corr.
1035 3060 1073 3099 ecc
1089 3043 1231 3112 puplicum
1248 3045 1284 3100 F.
1312 3077 1349 3087 -

191 3128 223 3180 12
240 3126 333 3182 dicere
346 3133 414 3198 post
430 3127 519 3197 longis
537 3129 600 3184 cdd.
620 3131 676 3186 rul
682 3148 708 3200 g.
726 3147 764 3185 ecc
780 3131 813 3184 Β.
838 3123 915 3184 ‘licet
937 3129 1019 3183 etiarn
1044 3129 1165 3183 dicemus
1182 3144 1239 3199 pro
1259 3129 1347 3186 debe-

188 3205 262 3266 mus'
280 3212 351 3283 LSp.
371 3212 397 3266 si
413 3212 481 3282 quid
497 3214 671 3281 mutandum,
693 3215 858 3286 praeferam
879 3213 1031 3268 diceremus
1053 3229 1108 3284 pro
1132 3214 1263 3269 debemus
1281 3215 1347 3271 coll.

193 3313 218 3352 r.
238 3302 261 3350 1.
289 3327 324 3336 -
350 3299 490 3353 hectorem
507 3300 656 3366 nestorem]
684 3300 725 3353 sic
744 3300 782 3367 F;
809 3299 892 3353 etium
918 3298 997 3368 infru
1022 3314 1056 3352 eu
1073 3299 1155 3369 siqua
1172 3297 1253 3353 babet
1270 3317 1347 3371 quac

190 3383 384 3454 expressimus.
411 3412 446 3423 -
475 3386 506 3438 13
524 3387 637 3453 questor
653 3384 686 3451 F,
704 3384 785 3438 ctiam
803 3384 832 3437 in
850 3400 925 3454 seqq.
952 3415 987 3423 —
1012 3383 1122 3449 Nestor]
1137 3377 1218 3454 ‘sort
1237 3384 1345 3442 Hector

189 3467 292 3524 Nestor
312 3509 317 3522 .
338 3509 344 3521 .
363 3468 522 3523 Praetorem
547 3467 694 3523 Hectorem
718 3468 863 3525 Nestorem
887 3509 920 3523 ..
946 3468 1074 3525 Hectoris
1101 3463 1241 3524 Nestoris’
1268 3470 1342 3542 LSp.

186 3551 435 3623 interpunctionem
466 3569 537 3622 quae
563 3557 632 3623 post
660 3552 762 3608 Nestor
786 3554 945 3626 ponebatur
974 3555 1080 3610 sustuli.
1111 3584 1145 3594 -
1177 3557 1209 3606 14
1231 3557 1260 3608 et
1285 3571 1344 3612 nou

188 3636 284 3693 debuit
307 3677 340 3690 ..
365 3637 464 3707 quibus
487 3637 578 3701 bibus]
601 3631 663 3708 ‘qui
686 3637 762 3693 locus
785 3637 850 3694 duic
872 3638 983 3695 articuli
1004 3638 1132 3711 exemplo
1156 3638 1229 3693 inter
1254 3641 1344 3696 niomi-

187 3714 301 3777 nctus?’
327 3722 399 3792 LSp.
422 3753 456 3762 -
482 3727 510 3777 et
532 3727 597 3787 non]
620 3716 701 3793 ‘fort
725 3724 792 3779 item
812 3717 880 3780 nou‘
897 3725 969 3794 usp.
996 3755 1031 3766 -
1059 3729 1090 3779 15
1108 3723 1207 3795 quibus
1224 3724 1275 3779 das
1296 3724 1342 3780 his

187 3806 246 3873 das]
265 3806 408 3876 Mulier,
435 3807 533 3876 quibus
551 3808 601 3862 das
619 3806 679 3877 quis
697 3807 747 3863 das
768 3810 802 3877 F,
824 3802 904 3880 ‘fort
922 3809 1022 3879 quibus
1040 3810 1088 3865 sed
1105 3808 1167 3878 quis
1184 3800 1248 3864 das’
1266 3808 1341 3880 LSp.

186 3892 263 3959 conf.
292 3891 412 3948 Christ
436 3892 536 3949 Philol.
559 3892 647 3961 XVII,
665 3897 707 3961 60,
733 3893 796 3962 usp
812 3893 901 3963 XVII,
920 3898 969 3949 303
988 3911 1027 3964 sq.
1054 3923 1088 3934 -
1114 3897 1147 3949 ut
1172 3893 1198 3948 ei
1223 3892 1271 3962 qui
1296 3893 1342 3950 bis

187 3975 248 4043 quis
264 3977 297 4030 F.
324 3973 414 4033 ‘scrib
438 3981 471 4033 ut
494 3978 541 4034 hei
564 3977 628 4047 quei
649 3977 709 4032 heis
733 3971 823 4047 queis'
849 3979 921 4049 LSp.
949 4010 981 4020 —
1007 3983 1064 4044 aut]
1087 3978 1165 4049 LSp,
1194 3981 1225 4033 at
1246 3977 1280 4047 F,
1306 3992 1341 4035 ac

186 4058 322 4115 Mulier.
350 4093 384 4102 —
410 4067 443 4118 lb
461 4062 588 4127 familias]
606 4063 638 4130 B,
656 4062 808 4131 Veneta,
831 4063 947 4119 familiai
963 4064 1027 4133 FH,
1044 4064 1185 4131 Laetus,
1206 4059 1342 4119 familiam

186 4159 213 4212 a,
231 4143 361 4200 familiam
379 4162 406 4216 p,
432 4146 563 4204 familiari
581 4147 653 4204 HM.
679 4178 715 4186 -
742 4153 773 4201 17
791 4147 846 4213 bic]
865 4149 902 4204 da
918 4149 965 4204 hic
982 4147 1056 4217 ΓΜ,
1081 4147 1131 4201 sec
1146 4147 1234 4203 deleto
1251 4148 1339 4204 ‹la-F.

188 4259 220 4268 -
241 4231 273 4283 18
292 4229 434 4295 scatiuiae]
451 4233 537 4302 vulg.
556 4249 594 4288 eu
611 4234 644 4301 B,
663 4231 782 4289 cadmiae
799 4235 832 4303 F,
851 4235 914 4290 item
931 4233 1009 4304 infra
1027 4231 1138 4287 catinia
