3038 5048
263 299 324 360 132
584 295 698 353 LIBER
715 295 904 354 SEPTIMUS.
938 297 1083 364 §33-36.

110 483 255 540 ‹norror-o
346 469 479 537 Ennius:

389 573 547 642 Utinam
568 593 617 642 ne
637 572 678 639 in
697 590 855 640 nemore
877 569 992 638 Pelio
1014 568 1233 637 securibus

389 675 518 744 (laesa
539 673 765 743 accidisset
786 672 960 756 abiegna
981 670 1032 738 ad
1053 676 1200 739 terram
1224 672 1393 740 trabesl

262 778 351 846 cuius
373 776 465 843 verbi
485 775 656 861 singularis
678 796 772 846 casus
793 781 899 844 rectus
921 780 1085 859 correptus
1114 793 1154 841 ac
1182 773 1270 840 facta
1293 773 1421 842 Trabs.

154 881 237 962 §34
343 882 381 948 In
403 876 515 947 Medo:
1442 892 1459 943 s

414 980 608 1050 (laelitum
641 980 814 1066 camilla,
847 985 1054 1066 expectata
1086 977 1263 1058 advenis,
1298 980 1422 1048 salve

1149 1079 1325 1164 hospita.

262 1186 429 1254 Camillam
461 1186 516 1268 qui
546 1187 741 1271 glossemata
771 1183 971 1268 interpretati
999 1182 1148 1249 dixerunt
1169 1181 1417 1268 administram,

262 1287 339 1356 addi
371 1294 514 1373 oportet,
545 1288 577 1353 in
606 1288 656 1354 his
685 1307 767 1371 quae
796 1287 983 1369 occultiora,
1014 1285 1124 1367 itaque
1146 1283 1260 1350 dieitur
1287 1285 1417 1370 nuptiis

110 1407 229 1460 ‹r-tttsr·
237 1405 253 1457 ἰ
264 1390 416 1457 Camillus
438 1390 493 1472 qui
518 1409 678 1458 eumenum
707 1390 785 1473 fert,
816 1388 850 1454 in
880 1408 943 1472 quo
973 1386 1051 1471 quid
1080 1387 1136 1470 sit,
1169 1385 1201 1451 in
1230 1385 1469 1455 ministeriolo

263 1493 407 1577 plerique
431 1491 626 1560 extrinsecus
648 1491 801 1559 nesciunt.
845 1491 928 1557 Hinc
950 1489 1109 1557 Casmilus
1137 1487 1322 1556 nominatur
1351 1488 1415 1556 Sa·

263 1594 441 1662 mothreces
478 1594 626 1678 mysteris
662 1593 734 1661 dius
770 1592 901 1675 quidam
944 1591 1132 1658 administer
1167 1589 1228 1657 diis
1272 1591 1414 1672 magnis.

263 1695 404 1762 Verbum
432 1715 503 1763 esse
531 1714 680 1780 graecum
709 1696 862 1779 arbitror,
895 1693 982 1779 quod
1010 1692 1098 1779 apud
1120 1691 1354 1761 Callimachum
1376 1693 1414 1760 in

261 1797 462 1881 poematibus
486 1797 554 1864 eius
576 1797 692 1865 inveni.

157 1902 240 1981 §35
347 1898 444 1983 Apud
465 1898 619 1966 Ennium:
1439 1910 1468 1962 lt

417 2000 570 2069 Subulo
603 2000 801 2086 quondam
834 1999 1008 2068 marinas
1040 2005 1206 2085 propter
1238 1998 1414 2066 astabat

1167 2103 1321 2187 plagas

266 2204 388 2272 Subulo
404 2203 507 2272 dictus
523 2203 610 2288 quod
630 2205 677 2270 ita
692 2204 801 2271 dicunt
815 2204 961 2272 tibicines
976 2204 1088 2289 Tusci;
1111 2203 1261 2287 quocirca
1282 2202 1413 2271 radices

265 2307 333 2374 eius
354 2309 388 2374 in
409 2307 551 2390 Etruria,
574 2329 636 2375 non
658 2307 750 2374 Latio
774 2306 986 2389 quaerundae.

159 2412 243 2491 §36
309 2410 503 2477 Versibus
526 2409 745 2492 quosolim
767 2409 924 2476 Faunei
946 2415 1144 2491 vatesque
1166 2407 1377 2475 canebant.
1436 2422 1467 2472 ao

114 2511 367 2579 o·³2³⁸r·¹rFauni
396 2511 449 2577 dei
477 2512 677 2593 Latinorum,
710 2510 756 2576 ita
783 2517 819 2577 ut
849 2517 881 2577 et
903 2511 1031 2577 Faunus
1061 2517 1093 2577 et
1119 2511 1231 2576 Fauna
1259 2508 1315 2592 sit,
1350 2510 1413 2576 hos

352 2733 367 2782 2
385 2734 415 2784 ut
437 2730 467 2784 in
488 2746 566 2784 amne
583 2730 615 2785 F.
642 2760 676 2768 -
701 2730 774 2799 polio
792 2730 886 2799 FVp,
904 2730 994 2800 poelio
1017 2746 1042 2784 a.
1070 2759 1104 2770 -
1130 2734 1146 2784 3
1165 2745 1228 2783 cesa
1249 2727 1413 2784 succidisset

266 2814 352 2868 deleto
367 2815 460 2886 primo
480 2831 492 2869 s
509 2815 542 2883 F,
560 2831 642 2871 caesa
658 2815 820 2871 caecidisset
838 2817 871 2872 G.
890 2815 966 2885 conf.
984 2815 1145 2870 Ribbeck
1163 2815 1234 2868 Enn.
1252 2829 1277 2867 r.
1297 2816 1357 2868 205.
1378 2845 1411 2855 -

266 2901 283 2951 4
301 2898 397 2967 quoius
410 2900 474 2955 GH.
495 2931 525 2939 -
544 2907 619 2955 recte
636 2901 668 2966 F,
687 2917 757 2954 corr.
770 2900 965 2968 Scioppius.
984 2930 1018 2938 -
1035 2904 1174 2954 correctus
1186 2898 1218 2967 F,
1236 2914 1307 2955 corr.
1320 2899 1412 2954 Lae-

266 2986 332 3051 tus,
352 2984 383 3036 B.
402 3014 436 3022 —
454 2989 468 3038 5
487 2987 575 3041 medio
589 2985 765 3040 cillenia
781 2985 878 3040 medio.
897 2984 1003 3039 Ennius
1021 2983 1160 3039 Laetus.
1179 2982 1254 3053 conf.
1272 2984 1310 3037 ad
1326 3002 1354 3054 p.
1369 2989 1412 3053 91,

269 3071 307 3121 11.
335 3068 410 3122 Serv.
435 3070 471 3124 ad
492 3072 560 3125 Aen.
585 3071 632 3138 XI,
650 3073 709 3138 543,
735 3070 857 3124 Macrob.
875 3069 924 3136 Ill,
943 3072 967 3136 8,
986 3074 1060 3123 6-7.
1088 3068 1186 3123 Ribb.
1206 3068 1270 3123 Pac.
1289 3071 1348 3123 232.
1378 3101 1411 3109 -

266 3156 282 3206 6
295 3152 403 3207 uelitum
416 3152 448 3207 F.
463 3185 493 3192 —
508 3155 598 3223 ospita
610 3154 642 3208 F.
655 3184 689 3195 -
707 3158 722 3209 8
736 3155 870 3209 camillam
882 3154 1020 3221 Muller‚
1038 3154 1147 3209 camilla
1157 3152 1249 3208 libri.
1271 3182 1303 3191 —
1320 3152 1411 3220 glose-

265 3243 340 3293 mata
353 3238 384 3292 F.
404 3269 435 3277 —
454 3243 469 3293 9
487 3239 515 3292 in
532 3240 636 3310 nuptiis
653 3239 789 3295 Laetus.
808 3240 846 3308 cf.
864 3255 892 3307 p.
907 3241 950 3306 25,
971 3243 1011 3292 ¹5.
1030 3268 1062 3277 -
1083 3243 1114 3292 10
1133 3238 1270 3292 scamillos
1288 3237 1320 3304 F,
1338 3255 1411 3293 corr.

267 3322 448 3378 Turnebus
465 3339 526 3377 curn
544 3327 576 3391 B,
600 3325 737 3380 casmillus
755 3325 896 3378 Laetus.
924 3353 957 3362 -
984 3328 1132 3388 sumerum]
1152 3339 1213 3377 cum
1229 3328 1345 3377 metrum
1363 3324 1412 3394 V¹,

268 3425 328 3463 cum
339 3425 442 3463 merum
454 3409 574 3477 ceteri,
593 3427 664 3464 corr.
678 3410 869 3464 Turnebus.
889 3438 921 3447 —
940 3408 976 3462 sit
987 3407 1016 3461 in
1027 3407 1187 3472 ministerio]
1204 3408 1271 3463 insit
1287 3411 1412 3478 mysterii

266 3493 455 3550 Pantanus.
472 3525 506 3534 -
526 3499 554 3548 11
574 3495 709 3558 nesciunt]
729 3494 925 3561 Turnebus,
947 3498 1061 3548 nectunt
1076 3492 1108 3560 F,
1126 3510 1178 3548 nec
1195 3498 1261 3548 tunc
1279 3494 1340 3564 Vp.
1358 3496 1411 3550 mi·

266 3578 379 3634 misterio
398 3580 504 3647 sciunt,
529 3580 653 3650 plerique
677 3583 745 3633 extr.
764 3579 891 3633 nesciunt
908 3579 1028 3647 Bergk.
1057 3609 1090 3618 —
1118 3579 1318 3642 Samothreces]
1335 3578 1410 3650 LSp,

267 3667 437 3720 samothrece
454 3666 487 3732 F,
504 3665 533 3718 in
551 3666 728 3720 Samothrace
745 3663 889 3730 Laetus,
911 3663 940 3716 in
958 3664 1149 3720 Samothraces
1164 3665 1250 3733 vulg.
1270 3680 1307 3718 ex
1324 3663 1356 3717 B.
1375 3695 1411 3705 —

269 3752 299 3802 12
317 3749 435 3804 misteris
453 3749 476 3804 F
495 3750 602 3816 (Groth)
620 3749 678 3818 Vp,
699 3748 828 3802 misteriis
846 3748 869 3801 F
888 3749 976 3815 (Keil).
1004 3751 1079 3821 cons.
1098 3751 1135 3804 ad
1150 3767 1178 3819 p.
1199 3753 1239 3815 14,
1258 3752 1282 3802 6.
1301 3779 1334 3786 -
1352 3763 1409 3803 am·

266 3833 389 3889 minister
406 3851 478 3889 corr.
496 3850 534 3888 ex
551 3833 710 3888 administer
721 3833 753 3886 F.
771 3862 806 3872 -
825 3836 857 3887 14
874 3833 1007 3902 poematis
1018 3834 1158 3890 Laetus.
1177 3863 1210 3872 -
1230 3836 1259 3887 15
1278 3831 1409 3900 Ennium]

267 3911 389 3989 cnin,
414 3922 442 3974 ei
457 3919 491 3987 V,
510 3919 570 3974 .N.
590 3919 623 3986 G,
647 3921 681 3972 ed
695 3933 721 3985 a,
745 3917 816 3971 enim
833 3917 912 3984 alii,
939 3936 1009 3973 corr.
1027 3920 1165 3974 Laetus.
1192 3948 1226 3957 —
1255 3920 1286 3971 16
1303 3918 1409 3985 plagas]

267 4018 351 4071 aquas
368 4005 402 4071 F,
428 4020 499 4060 corr.
523 4020 561 4058 ex
578 4003 658 4057 Festo
682 4019 709 4071 p.
729 4005 778 4056 309
797 4003 835 4056 M.
863 4033 897 4042 —
925 4007 955 4058 18
973 4004 1069 4059 dicunt
1092 4019 1144 4057 om.
1169 4001 1202 4069 G,
1228 4002 1296 4056 dicit
1312 4002 1347 4056 H.
1375 4034 1409 4044 -

269 4092 300 4141 19
317 4087 347 4141 in
365 4089 435 4144 etria
452 4089 474 4143 F
486 4090 547 4145 GH
556 4089 580 4143 V
589 4105 616 4158 p.
639 4119 664 4126 —
686 4088 828 4155 querunda
845 4104 861 4142 e
879 4088 1005 4144 uersibus
1022 4088 1055 4156 F,
1072 4103 1144 4143 corr.
1162 4085 1346 4142 Victorius.
1375 4120 1410 4130 -

268 4175 300 4225 20
318 4188 371 4241 quo
384 4174 416 4241 F,
435 4190 507 4230 corr.
520 4175 633 4228 Aldus.
652 4203 686 4212 —
704 4171 819 4237 Faunei]
836 4174 908 4243 LSp,
927 4173 1004 4228 launi
1021 4178 1049 4229 et
1065 4171 1165 4237 libri,
1182 4169 1261 4226 fauni
1279 4170 1409 4229 Laetus

266 4271 326 4309 cum
340 4257 426 4312 Cicer.
439 4259 474 4313 de
485 4259 539 4314 div.
551 4264 574 4325 l,
587 4263 642 4313 111.
661 4257 879 4326 conf.Vahlen
897 4259 968 4313 Eun.
987 4273 1050 4312 aun.
1068 4273 1093 4312 v.
1103 4258 1151 4308 221
1163 4271 1202 4324 sq.
1221 4286 1254 4293 -
1273 4259 1302 4307 21
1322 4261 1353 4311 ut
1371 4263 1409 4323 et]
