3038 5048
439 332 553 387 LIBER
571 331 746 388 OCTAVUS.
782 333 926 398 §tl-76.
1196 329 1256 389 189

109 505 178 590 sed,
200 512 235 571 ut
256 504 393 572 Sisenna
414 505 534 589 scribit,
556 511 665 588 potres
686 502 905 570 Familiarum.
955 502 1068 583 Neque
1090 501 1259 586 oportebat
1280 505 1299 583 ξ
1323 506 1363 565 74

112 606 376 675 consuetudinem
404 613 515 672 notare
546 606 628 672 alios
656 603 763 672 dicere
789 605 893 671 Boum
924 622 1055 688 greges,
1087 603 1168 670 alios
1196 604 1257 670 Bo·

111 729 233 792 verum,
256 715 289 774 et
310 708 403 790 signe
424 707 506 774 ulios
520 707 620 790 Ioum,
643 706 724 774 alios
738 706 896 789 Ioverum,
919 725 989 772 oum
1012 710 1097 772 esset
1118 711 1153 769 ut
1171 704 1257 771 Iovis

112 810 210 878 Bovis
238 809 342 877 Struis
371 815 402 876 et
429 809 540 877 lovem
567 809 688 876 Bovem
717 807 843 875 Struem
870 808 941 875 lovi
962 806 1044 874 Bovi
1065 805 1166 890 Strui,
1199 817 1412 873 flemme-¹)

73 929 88 978 o
111 932 183 978 oum
205 910 287 979 boec
309 911 514 979 convenirent
535 910 569 976 in
592 909 731 992 obliquis
753 909 891 995 casibus,
913 909 1060 977 dubitare
1083 908 1258 975 debuerunt

110 1014 275 1099 innectis,
308 1013 480 1095 inquibus
506 1032 592 1078 nunc
618 1011 651 1077 in
673 1011 902 1078 consuetudine
929 1012 1024 1079 aliter
1045 1009 1166 1095 dicere,
1200 1031 1256 1095 pro

111 1115 197 1183 lovis
219 1116 348 1201 Iupiter,
369 1136 427 1200 pro
449 1115 515 1181 Bos
535 1115 614 1199 Bos,
636 1133 694 1200 pro
718 1114 810 1181 Strus
832 1114 952 1181 Strues.

198 1222 248 1285 39.
282 1217 442 1301 Deinceps
471 1215 576 1282 dicem
604 1215 645 1283 de
672 1216 774 1284 altero
802 1235 919 1300 genere
948 1215 1192 1297 vocabulorum,
1225 1213 1258 1278 in
1280 1213 1300 1293 ᾖ
1325 1215 1364 1275 75

113 1339 177 1404 quo
199 1320 418 1389 contentiones
438 1316 527 1403 fiunt,
550 1325 585 1384 ut
605 1319 724 1385 Album
746 1319 861 1385 Albius
881 1319 1111 1401 Albissnmum,
1139 1315 1174 1380 in
1196 1332 1258 1397 quo

61 1435 90 1486 to
111 1423 147 1488 id
169 1422 336 1507 analogias
357 1440 421 1487 non
443 1439 573 1488 servare
595 1425 745 1505 apparet3
780 1440 855 1486 nam
885 1441 956 1486 oum
985 1420 1027 1486 sit
1057 1418 1161 1485 simile
1189 1417 1259 1483 Sal-

113 1544 183 1591 sum
206 1523 341 1590 Celdum
364 1527 397 1590 et
418 1521 543 1588 dicatur
570 1522 612 1588 ab
640 1520 691 1587 bis
714 1521 839 1590 Saleius
861 1521 1009 1604 Oaldius,
1043 1519 1414 1588 Salsissimumu-utsno

113 1624 357 1710 Caldissimum,
380 1625 491 1690 debuit
513 1624 594 1707 dici,
617 1623 767 1706 quoniam
789 1623 893 1690 simile
916 1631 964 1691 est
985 1625 1110 1689 Bonum
1131 1621 1260 1704 Malum,

112 1728 157 1794 eb
180 1728 230 1794 his
252 1728 373 1794 Bonius
395 1733 427 1794 et
448 1724 581 1807 Melius,
603 1725 819 1792 Bonissimnm
842 1732 873 1792 et
894 1725 1114 1792 Melissimum.
1157 1742 1260 1790 nonne

113 1827 228 1894 dicitur
255 1829 377 1895 Bonum
411 1828 527 1894 Melius
560 1825 738 1910 Optimum,
772 1824 902 1913 [Mutum
932 1827 1028 1890 Peius
1053 1822 1260 1910 Pessimumli

61 1944 90 1995 15
112 1930 150 1994 ln
172 1930 245 1995 aliis
268 1930 375 1996 verbis
396 1929 477 1996 nihil
507 1927 598 1994 deest
620 1936 654 1994 ut
676 1929 788 1995 Dulcis
811 1928 943 1996 Dulcior
964 1929 1192 2013 Dulcissimus,
1225 1927 1259 1994 in
1284 1925 1304 2003 ἓ
1326 1925 1368 1989 76

114 2032 187 2097 eliis
208 2030 345 2117 primum
367 2038 403 2097 ut
424 2033 536 2098 Peium
557 2030 654 2098 Peius
675 2030 871 2113 Pessimum,
904 2031 938 2096 in
965 2032 1038 2097 aliis
1066 2031 1207 2097 medium
1229 2035 1264 2096 ut

115 2131 247 2200 Caesior
268 2132 400 2200 Caesius
423 2133 675 2216 ansissumum,
708 2132 741 2197 in
762 2132 836 2198 eliis
863 2131 937 2198 bina
958 2139 1032 2199 sunt
1054 2150 1137 2214 quae
1159 2130 1264 2200 desint

114 2235 156 2300 eb
180 2234 293 2301 eadem
314 2255 394 2302 voce
416 2234 593 2318 declinata,
622 2238 653 2301 et
675 2254 715 2300 ea
735 2233 781 2300 ito
802 2239 837 2299 ut
858 2232 940 2298 alias
962 2230 1068 2299 desint
1090 2232 1264 2300 secundum

115 2345 148 2402 et
173 2337 316 2420 tertium,
345 2343 380 2402 ut
408 2336 441 2401 in
463 2336 525 2403 hoo
544 2336 640 2402 Mene
661 2334 787 2402 Meuius
809 2335 1010 2419 Mauissime,
1038 2334 1120 2402 elius
1143 2338 1178 2401 ut
1199 2332 1263 2401 duo

198 2488 231 2543 F.
249 2487 296 2542 fol.
316 2490 348 2542 22
365 2487 395 2541 in
413 2487 530 2556 obliquis
549 2527 556 2540 .
575 2527 582 2540 .
600 2487 753 2542 nominum.

184 2647 199 2697 2
216 2646 322 2708 notare]
336 2637 415 2713 ‘fort
433 2634 543 2697 nstere’
561 2642 631 2712 LSp.
650 2672 683 2681 -
701 2644 802 2697 boum.
817 2643 922 2706 .Ioum]
936 2636 985 2696 ‘on
1004 2641 1119 2697 bovom.
1133 2682 1140 2695 .
1153 2641 1264 2697 Iovom‘l

115 2727 154 2798 σί.
172 2727 212 2782 IX
229 2729 245 2796 ᾖ
263 2721 309 2781 33’
328 2727 399 2798 LSp.
417 2757 452 2766 —
470 2731 485 2780 5
504 2726 649 2782 debuerint
665 2728 705 2795 M,
723 2727 863 2782 Luctus.
886 2756 920 2765 —
947 2730 963 2780 6
981 2725 1011 2780 in
1029 2725 1136 2796 quibus]
1153 2727 1265 2799 propin·

115 2811 214 2880 quibns
232 2812 264 2881 F,
282 2811 461 2883 propinquius
478 2811 583 2880 Rbol,
600 2812 760 2881 propinquis
778 2828 804 2880 a,
822 2811 1063 2882 propinquioribus
1080 2812 1166 2880 vulg.
1179 2828 1217 2867 ccc
1230 2813 1264 2868 B.

113 2892 243 2951 ‘varietas
251 2897 375 2952 lectionis
384 2896 607 2953 videtursubcsse
618 2913 677 2967 pro
690 2897 789 2966 quibus
800 2902 827 2951 ct
838 2896 871 2950 in
883 2897 991 2965 quibus,
1003 2912 1120 2966 quorum
1123 2897 1266 2969 posterius

109 2977 249 3052 praestot'
263 2981 336 3054 LSp.
354 2998 406 3053 epo
424 2981 566 3037 librarium
583 2982 612 3036 in
629 2988 785 3052 sequentem
802 2997 908 3037 omnum
926 2982 1067 3037 aberrasse
1084 2988 1111 3037 ct
1127 2998 1178 3052 pro
1194 2982 1266 3039 Iovis

113 3067 282 3137 scripturum
292 3066 382 3137 fecsse
392 3066 531 3122 existimo.
547 3096 582 3106 -
599 3072 613 3120 7
627 3067 688 3130 bus]
700 3067 751 3121 bus
763 3065 840 3122 bovis
851 3066 885 3134 B,
898 3066 974 3122 bovis
986 3069 1015 3121 et
1026 3066 1078 3122 bus
1090 3067 1175 3136 vulg.
1185 3061 1266 3138 ‘fort

121 3149 211 3204 Varro
230 3167 285 3205 nou
302 3150 379 3206 bovis
395 3152 492 3227 scrupe
510 3149 560 3205 scd
569 3151 631 3207 Iovs
646 3192 652 3204 .
666 3192 672 3205 .
685 3144 764 3206 bovs'
779 3150 850 3221 LSp.
868 3180 902 3190 —
920 3154 994 3206 etrus
1006 3154 1106 3216 strues]
1118 3150 1181 3221 Lsp
1193 3166 1265 3208 corr.

115 3250 153 3288 cx
164 3234 212 3302 IX,
225 3239 267 3302 47,
285 3239 378 3290 struns
390 3234 473 3290 struis
485 3236 519 3304 F,
531 3236 615 3291 struis
627 3240 716 3292 strues
728 3234 815 3304 vulg.
828 3251 866 3290 ecc
877 3235 910 3304 B,
928 3240 1017 3292 strum
1030 3235 1114 3290 stmds
1125 3237 1236 3292 Luetu
1244 3252 1266 3291 s.

115 3347 150 3357 -
167 3322 182 3373 8
195 3319 290 3385 altero]
300 3312 381 3389 ‘fort
394 3313 463 3376 slio'
475 3320 547 3391 LSp.
566 3350 599 3360 -
618 3325 633 3374 9
646 3321 746 3385 elbum]
759 3319 839 3376 ulbus
851 3320 885 3386 F,
897 3336 970 3375 corr.
982 3319 1078 3376 Rhol.
1097 3351 1130 3360 —
1147 3321 1265 3376 ulbissu·

114 3419 188 3456 mum
199 3419 271 3457 corr.
284 3418 322 3457 ex
333 3403 520 3459 ulbussumum
531 3404 564 3458 F.
582 3435 616 3444 —
635 3410 667 3459 10
678 3405 717 3470 id]
729 3404 796 3461 item
808 3405 951 3472 Mulier,
963 3404 1026 3459 ideo
1038 3404 1071 3473 Β,
1082 3404 1137 3459 ium
1148 3397 1266 3472 Aldus,

116 3501 176 3540 eum
192 3487 282 3554 vulg.
298 3482 379 3557 ‘fort
397 3481 474 3544 inde’
492 3487 564 3558 usp.
583 3519 618 3528 -
634 3489 762 3560 anologio
779 3490 936 3558 GHMeB,
955 3487 1108 3556 analogium
1125 3487 1214 3557 vulg.
1232 3517 1267 3529 -

116 3586 172 3626 non
184 3586 270 3642 supra
282 3587 388 3626 versum
400 3572 433 3626 F.
451 3603 485 3612 —
503 3579 621 3638 servom]
638 3577 747 3647 scripni,
766 3574 872 3631 sorusri
883 3573 906 3628 F
919 3573 1010 3642 (Keil),
1028 3572 1134 3627 seruari
1145 3588 1217 3627 corr.
1229 3588 1267 3629 erc

594 3655 608 3684 V

117 3689 225 3744 sernuri
241 3689 264 3742 F
287 3687 404 3756 (Grotb).
431 3721 465 3729 -
493 3695 525 3746 14
543 3692 675 3763 optimum
691 3694 724 3747 F.
753 3724 786 3733 -
812 3694 913 3749 mulum
935 3692 1014 3762 peius
1038 3689 1186 3762 pessimum
1203 3690 1267 3746 odd.

116 3774 205 3842 vulg.
219 3789 257 3828 ecc
272 3775 304 3828 B.
322 3803 356 3813 -
375 3777 406 3828 15
424 3774 510 3830 nichil
526 3777 559 3830 F.
577 3778 715 3842 -deest1
734 3781 776 3833 est
792 3779 825 3845 F,
843 3794 916 3833 corr.
935 3776 1057 3831 Aldus.
1076 3806 1109 3816 -
1128 3779 1160 3829 16
1178 3775 1266 3846 peius]

117 3863 144 3912 et
155 3857 207 3913 boo
218 3857 279 3912 loco
290 3861 317 3911 et
327 3856 407 3926 infra
419 3864 483 3914 onte
495 3858 607 3916 Caesius
619 3868 667 3916 aut
683 3867 761 3917 aaut
777 3861 807 3915 in
824 3861 995 3917 inserendum
1010 3868 1089 3933 puto.
1107 3890 1141 3900 -
1161 3865 1190 3914 Π
1204 3861 1266 3932 LSp

117 3942 155 3997 ad
173 3942 284 3998 Coenon
303 3941 415 3997 Caesius
439 3943 588 4015 adscripsit
608 3939 706 4017 ‘facile
732 3952 899 4018 bansponas
926 3945 1041 4002 Ouesius
1069 3944 1193 4015 Onesior,
1219 3946 1269 4001 scd

117 4032 144 4081 et
165 4026 247 4081 Peius
269 4025 419 4080 Pessimum
436 4033 464 4081 et
481 4027 593 4084 Caesius
611 4029 802 4086 densissimum
820 4023 982 4086 ubundont’.
1008 4059 1042 4070 -
1065 4030 1267 4096 oeesissumum]

118 4111 267 4166 oesiiumus
285 4110 308 4164 F
326 4109 416 4179 (Keil),
443 4112 593 4169 cesisumus
615 4130 687 4170 corr.
704 4131 744 4171 cx
764 4115 912 4172 cesitumus
929 4121 961 4171 ot
977 4116 1030 4172 oid.
1049 4117 1073 4171 F
1091 4117 1207 4186 (Grotb).
1234 4147 1268 4157 -

120 4211 192 4265 quse
214 4195 312 4260 desint]
335 4195 473 4264 Miller,
499 4213 570 4266 quse
588 4198 643 4254 sint
659 4200 693 4254 F.
719 4200 785 4256 bins
802 4201 902 4256 desunt
919 4216 989 4270 quse
1007 4201 1063 4257 sint
1079 4206 1161 4258 antea
1178 4204 1269 4260 conic-

119 4285 196 4335 oerot
211 4279 283 4349 LSp.
301 4309 335 4320 -
354 4284 386 4335 18
404 4281 473 4337 ulios
490 4281 563 4338 desit
577 4282 696 4339 Aldus.
715 4315 749 4324 —
768 4289 800 4340 19
816 4281 894 4354 ‘sort
913 4300 993 4341 mone
1014 4278 1077 4341 del?
1093 4281 1166 4358 usp.
