3038 5048
425 346 539 406 uranu
556 347 732 406 cernuus.
768 349 785 417 t
805 351 913 403 rs-m.
1191 343 1250 403 171

104 545 187 609 equo
216 521 347 607 Equile,
381 521 423 586 ab
447 520 561 588 ovibus
586 518 695 603 Ovile,
725 518 772 586 sic
792 517 874 602 alia,
904 519 985 585 hacc
1006 514 1166 582 contrane
1187 513 1252 582 illis

105 646 188 712 quae
210 644 307 709 supra
328 622 424 704 dicta,
447 628 483 688 ut
504 639 524 686 a
545 622 680 708 pecunia
700 621 904 704 Pecuniosus,
927 620 969 686 ab
992 618 1070 685 urbe
1091 615 1250 700 Urbanus,

103 729 146 796 ab
170 734 238 794 atro
253 726 394 803 Atratus,
417 728 452 790 ut
473 742 697 805 nonnunquam
719 724 761 789 ab
781 722 910 790 homine
932 722 1031 805 locus,
1053 720 1095 785 ab
1118 740 1156 786 eo
1178 718 1250 786 loco

105 829 211 910 homo,
238 833 273 893 ut
301 826 343 893 ab
373 825 508 892 Romulo
537 825 655 909 Roma,
683 824 726 890 ab
754 825 857 892 Roma
882 823 1053 906 Romanus.
1118 820 1251 903 Aliquot
1271 821 1292 900 ἓ
1315 821 1354 885 19

67 947 82 996 t
104 929 209 999 modis
238 927 399 995 declinata
427 945 467 994 ea
495 945 577 1009 quae
605 927 697 1010 foris;
731 947 805 993 nam
833 927 927 994 aliter
952 925 1007 1010 qui
1036 923 1251 991 amaioribus

106 1033 182 1116 suis,
203 1029 358 1096 Latonius
380 1034 414 1096 et
433 1027 626 1112 Priamidae,
653 1029 747 1096 aliter
768 1048 851 1111 quae
873 1024 915 1114 [a]
937 1027 1032 1113 facto,
1061 1032 1096 1093 ut
1117 1047 1138 1092 a
1158 1045 1252 1111 pree-

106 1132 211 1201 dando
234 1131 375 1214 Praeda,
397 1149 418 1195 a
440 1129 591 1198 merendo
606 1131 746 1214 Merces,
768 1130 815 1197 sic
836 1130 902 1196 alia
922 1135 1006 1211 sunt,
1028 1147 1111 1212 quae
1133 1128 1252 1196 circum

104 1236 236 1302 irenen
259 1232 405 1317 difficile,
439 1231 497 1299 sed
519 1231 605 1316 quod
627 1251 729 1316 genus
750 1230 816 1298 iam
837 1230 964 1298 videtur
986 1235 1019 1299 et
1040 1230 1106 1297 alia
1127 1236 1251 1317 urgent,

105 1336 226 1405 omitto.

54 1452 83 1505 10
190 1441 218 1504 8.
249 1439 287 1504 In
308 1436 479 1504 verborum
499 1454 618 1520 genere
639 1452 722 1516 quae
743 1441 888 1518 tempora
909 1431 1141 1517 adsignificant,
1163 1433 1250 1516 quod
1273 1431 1293 1510 ὅ
1315 1432 1356 1494 20

106 1560 146 1607 ea
167 1543 257 1606 erant
279 1539 356 1623 tria,
378 1537 599 1623 praeteritum,
627 1556 794 1621 praesens,
824 1536 980 1620 futurum,
1010 1535 1181 1603 declinatio
1203 1536 1251 1602 fa-

106 1641 220 1709 cienda
241 1641 300 1707 luit
320 1641 451 1726 triplex,
485 1644 520 1706 ut
550 1639 592 1704 ab
622 1637 733 1705 Saluto
756 1636 944 1705 Salutabam
972 1636 1143 1721 Salutab03
1177 1647 1405 1705 cumaeum-¹)

104 1742 182 1811 item
214 1761 421 1828 personarum
454 1746 569 1806 natura
597 1739 714 1824 triplex
748 1747 847 1824 esset,
882 1740 937 1823 qui
965 1741 1164 1824 loqueretur,
1197 1738 1253 1824 [ad

106 1842 216 1932 quana]
241 1844 282 1911 de
302 1862 375 1926 quo,
397 1842 477 1908 haec
497 1842 540 1907 ab
562 1840 675 1909 eodem
696 1841 795 1908 verbo
816 1842 986 1927 declinata,
1009 1842 1143 1925 quaein
1158 1841 1252 1927 copia

54 1959 83 2012 te
104 1947 275 2014 verborum
297 1945 550 2029 explicabuntur.

191 2051 221 2112 9.
257 2045 415 2127 Quoniam
437 2044 556 2112 dictum
579 2043 621 2112 de
642 2043 776 2126 duobus,
804 2042 975 2111 declinatio
1001 2065 1056 2112 cur
1077 2052 1110 2113 et
1131 2044 1165 2112 in
1188 2065 1250 2130 quo
1272 2039 1291 2123 ἐ
1314 2042 1352 2104 21

105 2149 148 2218 sit
168 2151 264 2231 facta,
293 2147 421 2215 tertium
449 2145 535 2229 quod
562 2146 758 2229 relinquitur,
788 2145 1070 2230 quemadmodum,
1099 2166 1183 2213 nunc
1204 2145 1251 2213 di·

106 2258 204 2320 cetur.
248 2248 505 2316 Declinatiounm
526 2269 647 2334 genera
675 2253 749 2315 sunt
770 2246 843 2330 duo,
872 2248 1084 2341 voluntarium
1107 2254 1139 2314 et
1160 2254 1250 2315 natu·

107 2355 193 2433 rale3
227 2352 442 2419 voluntarium
464 2356 531 2434 est,
565 2370 627 2435 quo
650 2355 686 2416 ut
707 2349 859 2431 cuiusque
884 2349 956 2414 tulit
981 2351 1129 2416 voluntas
1155 2348 1253 2417 decli·

55 2468 85 2520 to
105 2455 205 2523 navit.
227 2455 274 2522 sic
296 2460 361 2521 tres
384 2473 456 2520 cum
480 2457 623 2519 emerunt
645 2451 766 2536 Ephesi
787 2451 930 2530 singulos
952 2469 1078 2533 servos,
1108 2471 1251 2518 nonnun-

108 2577 203 2641 quam
232 2556 316 2623 alius
342 2553 483 2623 declinat
509 2573 625 2619 nomen
653 2554 696 2620 ab
725 2572 764 2620 eo
787 2553 842 2635 qui
863 2552 990 2636 vendit,
1023 2552 1253 2637 Artemidorus,

106 2666 203 2744 atque
228 2660 392 2725 Artemam
421 2656 582 2741 appellat,
614 2656 697 2722 alius
718 2676 739 2722 a
759 2654 888 2736 regione
910 2653 1063 2739 quodibi
1085 2654 1177 2738 emit,
1210 2654 1252 2720 ab

106 2761 198 2828 Ionia
218 2760 323 2841 Iona,
344 2757 428 2826 alius
450 2757 536 2842 quod
558 2756 694 2843 Ephesi,
726 2755 917 2842 Ephesium,
951 2755 997 2822 sic
1018 2755 1101 2824 alius
1122 2756 1164 2823 ab
1187 2755 1407 2823 auare-russo

177 2948 190 2999 1
210 2942 314 3008 oribus]
331 2937 405 3010 ‘sort
423 2939 480 2999 cri’
499 2942 570 3013 Ltlp.
588 2971 622 2983 -
640 2946 656 2998 3
674 2945 735 2998 atro
752 2943 868 3007 amatur]
886 2943 979 2997 matre
996 2944 1105 2998 aratrus
1123 2957 1149 2996 a.
1176 2938 1255 3012 ‘fort

107 3046 173 3100 agro
191 3028 324 3096 agrarius.
342 3023 546 3097 nonnunquam'
558 3026 629 3097 LSp.
648 3057 682 3068 -
700 3031 714 3080 5
730 3021 810 3098 ‘fort
829 3041 899 3097 quae
915 3043 934 3082 a
949 3026 1098 3083 maioribus
1116 3022 1160 3082 ut'
1180 3026 1253 3099 usp.

107 3146 139 3155 -
160 3113 324 3178 filetonius]
342 3130 370 3183 p,
395 3113 534 3180 Laetus,
558 3113 669 3168 latomus
687 3112 790 3180 (latam)
807 3111 840 3166 F.
867 3107 967 3183 ‘possis
984 3111 1085 3167 latoius
1103 3111 1147 3166 vel
1161 3112 1253 3170 lateus

107 3195 236 3255 scritae'
256 3198 327 3267 LSp.
346 3228 379 3236 -
396 3196 543 3266 priamidae
561 3196 600 3250 M.
620 3227 652 3236 -
670 3200 695 3262 a]
715 3198 778 3251 add.
796 3197 885 3265 vulg.
903 3213 941 3251 aa
958 3196 991 3250 B.
1009 3226 1043 3235 —
1062 3202 1076 3249 'l
1093 3193 1168 3252 ‘sunt
1183 3197 1254 3267 fort.

108 3280 166 3338 dcl?
180 3284 251 3352 LSp.
270 3312 303 3321 —
321 3285 354 3336 12
367 3281 401 3337 ab
415 3298 466 3336 om.
479 3282 563 3352 vulg.
581 3312 616 3323 —
632 3277 708 3352 ‘sort
722 3286 754 3338 ut
765 3281 919 3338 salutabam
932 3281 1021 3336 saluto
1034 3277 1167 3337 salutabo’
1181 3281 1253 3351 LSp.

108 3396 142 3407 -
161 3371 192 3421 13
211 3367 246 3421 ad
263 3381 343 3435 quem
360 3382 413 3420 om.
431 3367 470 3435 F,
496 3365 604 3422 addidit
620 3365 749 3422 Laetus
772 3365 821 3420 scd
840 3370 906 3437 post
922 3366 957 3420 de
974 3382 1027 3435 quo
1046 3366 1182 3436 positam,
1202 3382 1254 3421 sao

108 3452 170 3507 loco
191 3452 286 3521 posuit
309 3450 443 3506 ldttller.
470 3482 504 3492 —
532 3456 563 3506 16
581 3450 689 3506 duabus
709 3450 938 3507 declinationibus
955 3449 989 3519 F,
1014 3445 1095 3505 ‘cora
1113 3449 1255 3517 Mulier,

108 3533 158 3591 sed
166 3537 292 3607 praestat
302 3534 424 3603 fortasse
435 3530 600 3591 declinatus'
615 3535 684 3604 LSp.
703 3566 736 3576 -
753 3540 816 3605 quo]
829 3535 900 3605 LSp.
914 3534 990 3605 conf.
1003 3550 1029 3604 p.
1042 3537 1099 3602 165,
1113 3539 1136 3602 1,
1154 3549 1209 3605 qua
1220 3536 1253 3590 F.

109 3650 143 3659 -
162 3623 192 3674 11
205 3617 290 3682 facta]
302 3617 409 3685 scripsi,
426 3618 500 3675 tama
511 3619 544 3688 F,
556 3621 644 3675 forma
655 3621 740 3691 vulg.
752 3621 808 3676 iam
819 3620 890 3691 LSp.
903 3649 937 3659 -
949 3618 1066 3683 dicetur]
1078 3619 1173 3689 vulp,
1185 3618 1254 3675 dici·

108 3707 155 3761 tur
167 3703 200 3758 F.
212 3732 247 3743 -
265 3706 297 3757 19
308 3706 371 3772 quo]
384 3703 457 3772 quod
468 3704 671 3774 Stephanus.
683 3736 718 3744 -
729 3705 897 3774 quoiusque.
908 3720 1007 3775 quom
1019 3702 1083 3758 GH.
1102 3735 1135 3744 —
1153 3707 1254 3761 tiltres

109 3804 172 3845 cum
188 3804 276 3860 supra
293 3803 400 3842 uersum
417 3788 449 3843 F.
469 3818 501 3828 -
520 3792 551 3845 21
570 3788 625 3860 qui]
643 3790 717 3858 quod
733 3788 950 3844 Vertranius.
969 3818 1003 3827 -
1019 3787 1141 3844 vendidit
1157 3787 1254 3844 idem.

110 3904 142 3913 —
169 3877 264 3928 artem
288 3871 383 3927 idanus
405 3871 437 3925 F.
464 3902 499 3911 -
526 3876 559 3928 22
576 3877 716 3937 aeman]
739 3873 933 3929 artemidorum
956 3873 1100 3942 Laetus,
1126 3873 1172 3928 cui
1195 3874 1255 3930 slve

109 3961 248 4014 Artemam
265 3955 343 4012 addit
358 3956 493 4012 Miller.
510 3952 589 4029 ‘sart
608 3958 656 4027 qui
672 3957 794 4014 vendidit
809 3959 922 4014 Artenia
939 3961 1021 4026 atque
1038 3955 1252 4014 Artemidorum’

110 4043 181 4115 usp.
208 4041 270 4098 coli.
287 4045 303 4109 ἐ
321 4044 354 4096 22
371 4048 514 4114 exspectes
539 4041 587 4113 qui
612 4043 706 4098 vendit
731 4047 815 4112 atque
840 4042 1043 4098 Artemidorum
1064 4041 1194 4112 appellat.
1220 4074 1254 4086 -

110 4129 176 4184 emit
191 4143 263 4185 corr.
281 4143 319 4182 aa
335 4126 389 4182 emi
406 4131 437 4181 at
453 4125 506 4182 oid.
523 4127 547 4183 F
565 4126 681 4195 (droth).
708 4157 742 4169 -
767 4128 803 4183 ab
820 4126 907 4192 Ionia]
930 4126 966 4180 ab
987 4125 1053 4182 ione
1070 4126 1103 4194 F,
1132 4144 1205 4184 carr.
1224 4131 1257 4184 ni

108 4211 198 4282 fallar
214 4211 352 4268 Laetus.
380 4241 412 4253 -
440 4213 472 4265 23
490 4209 565 4278 Iona]
588 4209 681 4269 ianam
697 4211 730 4281 F,
756 4227 829 4268 carr.
851 4211 990 4278 Muller,
1016 4210 1110 4269 Ionem
1127 4213 1161 4284 (l,
1184 4215 1252 4272 Au·

109 4295 276 4365 guttinus.
