<?xml version="1.0" encoding="UTF-8"?>
<!DOCTYPE html PUBLIC "-//W3C//DTD XHTML 1.0 Transitional//EN"
    "http://www.w3.org/TR/xhtml1/DTD/xhtml1-transitional.dtd">
<html xmlns="http://www.w3.org/1999/xhtml" xml:lang="en" lang="en">
 <head>
  <title>
</title>
<meta http-equiv="Content-Type" content="text/html;charset=utf-8" />
  <meta name='ocr-system' content='tesseract 3.04.00' />
  <meta name='ocr-capabilities' content='ocr_page ocr_carea ocr_par ocr_line ocrx_word'/>
</head>
<body>
  <div class='ocr_page' id='page_1' title='image "./mterentivarroni00varrgoog/mterentivarroni00varrgoog_0086.png"; bbox 0 0 3038 5048; ppageno 0'>
   <div class='ocr_carea' id='block_1_1' title="bbox 621 288 1295 347">
    <p class='ocr_par' dir='ltr' id='par_1_1' title="bbox 621 288 1295 347">
     <span class='ocr_line' id='line_1_1' title="bbox 621 288 1295 347; baseline 0.007 -5"><span class='ocrx_word' id='word_1_1' title='bbox 621 288 712 344; x_wconf 84' lang='lat' dir='ltr'>Satura</span> <span class='ocrx_word' id='word_1_2' title='bbox 732 295 826 347; x_wconf 81' lang='lat' dir='ltr'>critica.</span> <span class='ocrx_word' id='word_1_3' title='bbox 1217 308 1295 347; x_wconf 73' lang='lat' dir='ltr'>cxxv</span> 
     </span>
    </p>
   </div>
   <div class='ocr_carea' id='block_1_2' title="bbox 46 461 1293 537">
    <p class='ocr_par' dir='ltr' id='par_1_2' title="bbox 46 461 1293 537">
     <span class='ocr_line' id='line_1_2' title="bbox 46 461 1293 537; baseline 0.003 -17"><span class='ocrx_word' id='word_1_4' title='bbox 46 517 49 520; x_wconf 87' lang='lat'>.</span> <span class='ocrx_word' id='word_1_5' title='bbox 144 461 284 535; x_wconf 74' lang='lat' dir='ltr'><strong><em>capitibus</em></strong></span> <span class='ocrx_word' id='word_1_6' title='bbox 303 465 374 519; x_wconf 88' lang='lat' dir='ltr'>recti</span> <span class='ocrx_word' id='word_1_7' title='bbox 395 478 517 527; x_wconf 80' lang='lat' dir='ltr'>casuum,</span> <span class='ocrx_word' id='word_1_8' title='bbox 541 461 587 518; x_wconf 90' lang='lat' dir='ltr'>uhi</span> <span class='ocrx_word' id='word_1_9' title='bbox 608 465 749 537; x_wconf 79' lang='lat' dir='ltr'>genetivus</span> <span class='ocrx_word' id='word_1_10' title='bbox 771 462 890 530; x_wconf 78' lang='lat' dir='ltr'>offendit,</span> <span class='ocrx_word' id='word_1_11' title='bbox 913 472 944 521; x_wconf 92' lang='lat' dir='ltr'>ut</span> <span class='ocrx_word' id='word_1_12' title='bbox 965 465 1131 522; x_wconf 88' lang='lat' dir='ltr'>reddendum</span> <span class='ocrx_word' id='word_1_13' title='bbox 1154 468 1189 522; x_wconf 91' lang='lat' dir='ltr'>sit</span> <span class='ocrx_word' id='word_1_14' title='bbox 1211 469 1293 524; x_wconf 86' lang='lat' dir='ltr'>rectis</span> 
     </span>
    </p>
   </div>
   <div class='ocr_carea' id='block_1_3' title="bbox 132 547 1294 2480">
    <p class='ocr_par' dir='ltr' id='par_1_3' title="bbox 142 547 1293 709">
     <span class='ocr_line' id='line_1_3' title="bbox 145 547 1293 624; baseline 0.005 -21"><span class='ocrx_word' id='word_1_15' title='bbox 145 547 265 613; x_wconf 76' lang='lat' dir='ltr'>casibus,</span> <span class='ocrx_word' id='word_1_16' title='bbox 289 549 360 603; x_wconf 90' lang='lat' dir='ltr'>etsi</span> <span class='ocrx_word' id='word_1_17' title='bbox 382 562 463 620; x_wconf 92' lang='lat' dir='ltr'>supra</span> <span class='ocrx_word' id='word_1_18' title='bbox 485 563 540 602; x_wconf 90' lang='lat' dir='ltr'>non</span> <span class='ocrx_word' id='word_1_19' title='bbox 563 563 613 619; x_wconf 83' lang='lat' dir='ltr'>oc,</span> <span class='ocrx_word' id='word_1_20' title='bbox 636 549 681 604; x_wconf 90' lang='lat' dir='ltr'>sed</span> <span class='ocrx_word' id='word_1_21' title='bbox 705 550 740 605; x_wconf 81' lang='lat' dir='ltr'>ab</span> <span class='ocrx_word' id='word_1_22' title='bbox 764 565 857 604; x_wconf 89' lang='lat' dir='ltr'>verum</span> <span class='ocrx_word' id='word_1_23' title='bbox 879 557 934 613; x_wconf 86' lang='lat' dir='ltr'>est,</span> <span class='ocrx_word' id='word_1_24' title='bbox 963 566 997 605; x_wconf 91' lang='lat' dir='ltr'>ne</span> <span class='ocrx_word' id='word_1_25' title='bbox 1018 549 1061 605; x_wconf 90' lang='lat' dir='ltr'>hic</span> <span class='ocrx_word' id='word_1_26' title='bbox 1084 550 1189 623; x_wconf 88' lang='lat' dir='ltr'>quidem</span> <span class='ocrx_word' id='word_1_27' title='bbox 1212 568 1293 624; x_wconf 85' lang='lat' dir='ltr'>prac-</span> 
     </span>
     <span class='ocr_line' id='line_1_4' title="bbox 142 629 503 709; baseline -0.008 -20"><span class='ocrx_word' id='word_1_28' title='bbox 142 634 241 709; x_wconf 91' lang='lat' dir='ltr'>positio</span> <span class='ocrx_word' id='word_1_29' title='bbox 264 629 420 704; x_wconf 80' lang='lat' dir='ltr'>negligenda</span> <span class='ocrx_word' id='word_1_30' title='bbox 444 632 503 687; x_wconf 88' lang='lat' dir='ltr'>erit.</span> 
     </span>
    </p>

    <p class='ocr_par' dir='ltr' id='par_1_4' title="bbox 141 714 1294 1044">
     <span class='ocr_line' id='line_1_5' title="bbox 226 714 1293 792; baseline 0.002 -19"><span class='ocrx_word' id='word_1_31' title='bbox 226 718 327 773; x_wconf 90' lang='lat' dir='ltr'>Novam</span> <span class='ocrx_word' id='word_1_32' title='bbox 350 715 501 787; x_wconf 80' lang='lat' dir='ltr'>corrigendi</span> <span class='ocrx_word' id='word_1_33' title='bbox 523 714 704 772; x_wconf 77' lang='lat' dir='ltr'>difficultatem</span> <span class='ocrx_word' id='word_1_34' title='bbox 725 715 794 772; x_wconf 90' lang='lat' dir='ltr'>liber</span> <span class='ocrx_word' id='word_1_35' title='bbox 815 716 860 770; x_wconf 91' lang='lat' dir='ltr'>Vll</span> <span class='ocrx_word' id='word_1_36' title='bbox 882 715 1007 790; x_wconf 82' lang='lat' dir='ltr'>praebet,</span> <span class='ocrx_word' id='word_1_37' title='bbox 1031 734 1086 792; x_wconf 91' lang='lat' dir='ltr'>quo</span> <span class='ocrx_word' id='word_1_38' title='bbox 1109 727 1293 792; x_wconf 88' lang='lat' dir='ltr'>poetarum</span> 
     </span>
     <span class='ocr_line' id='line_1_6' title="bbox 141 798 1293 874; baseline 0.004 -19"><span class='ocrx_word' id='word_1_39' title='bbox 141 818 269 858; x_wconf 90' lang='lat' dir='ltr'>versus</span> <span class='ocrx_word' id='word_1_40' title='bbox 292 801 310 855; x_wconf 91' lang='lat' dir='ltr'>i.</span> <span class='ocrx_word' id='word_1_41' title='bbox 334 816 357 855; x_wconf 92' lang='lat' dir='ltr'>e.</span> <span class='ocrx_word' id='word_1_42' title='bbox 387 798 515 856; x_wconf 88' lang='lat' dir='ltr'>vocabula</span> <span class='ocrx_word' id='word_1_43' title='bbox 545 817 613 874; x_wconf 89' lang='lat' dir='ltr'>quae</span> <span class='ocrx_word' id='word_1_44' title='bbox 635 801 746 857; x_wconf 88' lang='lat' dir='ltr'>Varroni</span> <span class='ocrx_word' id='word_1_45' title='bbox 774 809 922 858; x_wconf 91' lang='lat' dir='ltr'>memoratu</span> <span class='ocrx_word' id='word_1_46' title='bbox 953 802 1032 874; x_wconf 82' lang='lat' dir='ltr'>digna</span> <span class='ocrx_word' id='word_1_47' title='bbox 1059 802 1217 859; x_wconf 85' lang='lat' dir='ltr'>videbantur</span> <span class='ocrx_word' id='word_1_48' title='bbox 1245 821 1293 860; x_wconf 91' lang='lat' dir='ltr'>ex-</span> 
     </span>
     <span class='ocr_line' id='line_1_7' title="bbox 141 884 1294 962; baseline 0.004 -22"><span class='ocrx_word' id='word_1_49' title='bbox 141 895 292 959; x_wconf 90' lang='lat' dir='ltr'>ponuntur,</span> <span class='ocrx_word' id='word_1_50' title='bbox 317 884 362 958; x_wconf 88' lang='lat' dir='ltr'>qui</span> <span class='ocrx_word' id='word_1_51' title='bbox 376 884 530 959; x_wconf 83' lang='lat' dir='ltr'>aequalibus</span> <span class='ocrx_word' id='word_1_52' title='bbox 552 886 616 941; x_wconf 86' lang='lat' dir='ltr'>satis</span> <span class='ocrx_word' id='word_1_53' title='bbox 638 887 705 951; x_wconf 83' lang='lat' dir='ltr'>noti,</span> <span class='ocrx_word' id='word_1_54' title='bbox 728 903 743 942; x_wconf 88' lang='lat' dir='ltr'>a</span> <span class='ocrx_word' id='word_1_55' title='bbox 766 885 852 951; x_wconf 89' lang='lat' dir='ltr'>nobis,</span> <span class='ocrx_word' id='word_1_56' title='bbox 877 885 974 959; x_wconf 87' lang='lat' dir='ltr'>quibus</span> <span class='ocrx_word' id='word_1_57' title='bbox 998 903 1078 962; x_wconf 89' lang='lat' dir='ltr'>opera</span> <span class='ocrx_word' id='word_1_58' title='bbox 1099 888 1172 945; x_wconf 91' lang='lat' dir='ltr'>unde</span> <span class='ocrx_word' id='word_1_59' title='bbox 1194 890 1294 962; x_wconf 90' lang='lat' dir='ltr'>sumpti</span> 
     </span>
     <span class='ocr_line' id='line_1_8' title="bbox 142 970 1071 1044; baseline 0 -18"><span class='ocrx_word' id='word_1_60' title='bbox 142 977 207 1026; x_wconf 92' lang='lat' dir='ltr'>sunt</span> <span class='ocrx_word' id='word_1_61' title='bbox 229 986 284 1025; x_wconf 92' lang='lat' dir='ltr'>non</span> <span class='ocrx_word' id='word_1_62' title='bbox 306 976 417 1034; x_wconf 77' lang='lat' dir='ltr'>restant,</span> <span class='ocrx_word' id='word_1_63' title='bbox 440 970 544 1025; x_wconf 90' lang='lat' dir='ltr'>restitui</span> <span class='ocrx_word' id='word_1_64' title='bbox 565 979 714 1044; x_wconf 89' lang='lat' dir='ltr'>nequeunt.</span> <span class='ocrx_word' id='word_1_65' title='bbox 758 971 819 1044; x_wconf 88' lang='lat' dir='ltr'>quis</span> <span class='ocrx_word' id='word_1_66' title='bbox 841 987 866 1026; x_wconf 88' lang='lat' dir='ltr'>v.</span> <span class='ocrx_word' id='word_1_67' title='bbox 890 987 914 1026; x_wconf 89' lang='lat' dir='ltr'>o.</span> <span class='ocrx_word' id='word_1_68' title='bbox 938 972 992 1034; x_wconf 91' lang='lat' dir='ltr'>Vll,</span> <span class='ocrx_word' id='word_1_69' title='bbox 1017 975 1071 1031; x_wconf 84' lang='lat'>98:</span> 
     </span>
    </p>

    <p class='ocr_par' dir='ltr' id='par_1_5' title="bbox 226 1053 1291 1127">
     <span class='ocr_line' id='line_1_9' title="bbox 226 1053 1291 1127; baseline 0.004 -18"><span class='ocrx_word' id='word_1_70' title='bbox 226 1055 303 1127; x_wconf 84' lang='lat' dir='ltr'>apud</span> <span class='ocrx_word' id='word_1_71' title='bbox 325 1053 468 1119; x_wconf 83' lang='lat' dir='ltr'>Plautum,</span> <span class='ocrx_word' id='word_1_72' title='bbox 494 1055 561 1126; x_wconf 80' lang='lat' dir='ltr'>quic</span> <span class='ocrx_word' id='word_1_73' title='bbox 585 1071 634 1127; x_wconf 77' lang='lat' dir='ltr'>epo</span> <span class='ocrx_word' id='word_1_74' title='bbox 658 1055 777 1111; x_wconf 76' lang='lat' dir='ltr'>antehac</span> <span class='ocrx_word' id='word_1_75' title='bbox 801 1062 826 1111; x_wconf 88' lang='lat' dir='ltr'>te</span> <span class='ocrx_word' id='word_1_76' title='bbox 849 1057 945 1111; x_wconf 87' lang='lat' dir='ltr'>amcoi</span> <span class='ocrx_word' id='word_1_77' title='bbox 966 1058 1042 1113; x_wconf 84' lang='lat' dir='ltr'>valet</span> <span class='ocrx_word' id='word_1_78' title='bbox 1064 1056 1208 1123; x_wconf 77' lang='lat' dir='ltr'>constitui,</span> <span class='ocrx_word' id='word_1_79' title='bbox 1232 1058 1291 1113; x_wconf 87' lang='lat' dir='ltr'>itc-</span> 
     </span>
    </p>

    <p class='ocr_par' dir='ltr' id='par_1_6' title="bbox 226 1136 1291 1210">
     <span class='ocr_line' id='line_1_10' title="bbox 226 1136 1291 1210; baseline 0.004 -18"><span class='ocrx_word' id='word_1_80' title='bbox 226 1136 380 1210; x_wconf 76' lang='lat' dir='ltr'>quoheres</span> <span class='ocrx_word' id='word_1_81' title='bbox 403 1155 464 1194; x_wconf 86' lang='lat' dir='ltr'>cum</span> <span class='ocrx_word' id='word_1_82' title='bbox 491 1140 634 1195; x_wconf 83' lang='lat' dir='ltr'>constituit</span> <span class='ocrx_word' id='word_1_83' title='bbox 663 1156 692 1196; x_wconf 82' lang='lat' dir='ltr'>ae</span> <span class='ocrx_word' id='word_1_84' title='bbox 722 1140 850 1196; x_wconf 81' lang='lat' dir='ltr'><em>heredem</em></span> <span class='ocrx_word' id='word_1_85' title='bbox 880 1157 939 1195; x_wconf 81' lang='lat' dir='ltr'>esse</span> <span class='ocrx_word' id='word_1_86' title='bbox 970 1142 1073 1198; x_wconf 83' lang='lat' dir='ltr'>dicitur</span> <span class='ocrx_word' id='word_1_87' title='bbox 1101 1157 1229 1207; x_wconf 85' lang='lat' dir='ltr'>cernere,</span> <span class='ocrx_word' id='word_1_88' title='bbox 1265 1149 1291 1197; x_wconf 89' lang='lat' dir='ltr'>et</span> 
     </span>
    </p>

    <p class='ocr_par' dir='ltr' id='par_1_7' title="bbox 225 1222 577 1294">
     <span class='ocr_line' id='line_1_11' title="bbox 225 1222 577 1294; baseline 0.003 -16"><span class='ocrx_word' id='word_1_89' title='bbox 225 1238 285 1278; x_wconf 84' lang='lat' dir='ltr'>com</span> <span class='ocrx_word' id='word_1_90' title='bbox 307 1224 337 1278; x_wconf 89' lang='lat' dir='ltr'>id</span> <span class='ocrx_word' id='word_1_91' title='bbox 358 1222 433 1294; x_wconf 79' lang='lat' dir='ltr'>fecit,</span> <span class='ocrx_word' id='word_1_92' title='bbox 458 1225 577 1280; x_wconf 84' lang='lat' dir='ltr'>crevisse</span> 
     </span>
    </p>

    <p class='ocr_par' dir='ltr' id='par_1_8' title="bbox 132 1307 1291 2305">
     <span class='ocr_line' id='line_1_12' title="bbox 138 1307 1288 1383; baseline 0.001 -18"><span class='ocrx_word' id='word_1_93' title='bbox 138 1307 305 1383; x_wconf 84' lang='lat' dir='ltr'>supplendo,</span> <span class='ocrx_word' id='word_1_94' title='bbox 340 1324 400 1364; x_wconf 90' lang='lat' dir='ltr'>nam</span> <span class='ocrx_word' id='word_1_95' title='bbox 430 1308 595 1365; x_wconf 84' lang='lat' dir='ltr'>intercidisse</span> <span class='ocrx_word' id='word_1_96' title='bbox 624 1309 752 1382; x_wconf 87' lang='lat' dir='ltr'>quaedam</span> <span class='ocrx_word' id='word_1_97' title='bbox 779 1308 890 1364; x_wconf 90' lang='lat' dir='ltr'>verbum</span> <span class='ocrx_word' id='word_1_98' title='bbox 919 1310 993 1382; x_wconf 91' lang='lat' dir='ltr'>qnod</span> <span class='ocrx_word' id='word_1_99' title='bbox 1023 1310 1171 1382; x_wconf 70' lang='lat' dir='ltr'>explicatur</span> <span class='ocrx_word' id='word_1_100' title='bbox 1200 1311 1288 1375; x_wconf 90' lang='lat' dir='ltr'>docet,</span> 
     </span>
     <span class='ocr_line' id='line_1_13' title="bbox 138 1391 1289 1468; baseline 0 -18"><span class='ocrx_word' id='word_1_101' title='bbox 138 1392 273 1450; x_wconf 88' lang='lat' dir='ltr'>illustrare</span> <span class='ocrx_word' id='word_1_102' title='bbox 295 1391 414 1456; x_wconf 79' lang='lat' dir='ltr'>auderet,</span> <span class='ocrx_word' id='word_1_103' title='bbox 440 1393 491 1449; x_wconf 91' lang='lat' dir='ltr'>nisi</span> <span class='ocrx_word' id='word_1_104' title='bbox 514 1393 675 1450; x_wconf 85' lang='lat' dir='ltr'>Cistellariae</span> <span class='ocrx_word' id='word_1_105' title='bbox 698 1411 759 1467; x_wconf 90' lang='lat' dir='ltr'>pars</span> <span class='ocrx_word' id='word_1_106' title='bbox 782 1392 859 1449; x_wconf 89' lang='lat' dir='ltr'>nohis</span> <span class='ocrx_word' id='word_1_107' title='bbox 882 1403 984 1451; x_wconf 86' lang='lat' dir='ltr'>servata</span> <span class='ocrx_word' id='word_1_108' title='bbox 1007 1405 1070 1468; x_wconf 92' lang='lat' dir='ltr'>post</span> <span class='ocrx_word' id='word_1_109' title='bbox 1092 1395 1188 1451; x_wconf 82' lang='lat' dir='ltr'>amani</span> <span class='ocrx_word' id='word_1_110' title='bbox 1209 1394 1289 1451; x_wconf 87' lang='lat' dir='ltr'>verba</span> 
     </span>
     <span class='ocr_line' id='line_1_14' title="bbox 138 1476 1290 1551; baseline 0.002 -18"><span class='ocrx_word' id='word_1_111' title='bbox 138 1485 165 1533; x_wconf 90' lang='lat' dir='ltr'>et</span> <span class='ocrx_word' id='word_1_112' title='bbox 186 1477 255 1533; x_wconf 80' lang='lat' dir='ltr'>milri</span> <span class='ocrx_word' id='word_1_113' title='bbox 277 1478 397 1532; x_wconf 85' lang='lat' dir='ltr'>amicam</span> <span class='ocrx_word' id='word_1_114' title='bbox 419 1493 479 1532; x_wconf 84' lang='lat' dir='ltr'>esse</span> <span class='ocrx_word' id='word_1_115' title='bbox 502 1479 578 1533; x_wconf 80' lang='lat' dir='ltr'>crevi</span> <span class='ocrx_word' id='word_1_116' title='bbox 599 1479 764 1535; x_wconf 77' lang='lat' dir='ltr'>intercidisse</span> <span class='ocrx_word' id='word_1_117' title='bbox 780 1476 911 1535; x_wconf 86' lang='lat' dir='ltr'>doceret‘l</span> <span class='ocrx_word' id='word_1_118' title='bbox 935 1480 1093 1551; x_wconf 76' lang='lat' dir='ltr'>ncc§106</span> <span class='ocrx_word' id='word_1_119' title='bbox 1116 1479 1151 1535; x_wconf 81' lang='lat' dir='ltr'>Ire</span> <span class='ocrx_word' id='word_1_120' title='bbox 1174 1481 1290 1536; x_wconf 78' lang='lat' dir='ltr'>ccciccc</span> 
     </span>
     <span class='ocr_line' id='line_1_15' title="bbox 136 1559 1290 1638; baseline 0 -19"><span class='ocrx_word' id='word_1_121' title='bbox 136 1559 245 1619; x_wconf 55' lang='lat' dir='ltr'>Earini</span> <span class='ocrx_word' id='word_1_122' title='bbox 267 1562 341 1634; x_wconf 80' lang='lat' dir='ltr'>quod</span> <span class='ocrx_word' id='word_1_123' title='bbox 370 1562 445 1617; x_wconf 80' lang='lat' dir='ltr'>lubet</span> <span class='ocrx_word' id='word_1_124' title='bbox 466 1563 498 1618; x_wconf 91' lang='lat' dir='ltr'>id</span> <span class='ocrx_word' id='word_1_125' title='bbox 517 1562 609 1634; x_wconf 76' lang='lat' dir='ltr'>saciat</span> <span class='ocrx_word' id='word_1_126' title='bbox 634 1563 711 1619; x_wconf 90' lang='lat' dir='ltr'>facile</span> <span class='ocrx_word' id='word_1_127' title='bbox 733 1565 872 1638; x_wconf 88' lang='lat' dir='ltr'>quisquam</span> <span class='ocrx_word' id='word_1_128' title='bbox 901 1564 1018 1620; x_wconf 91' lang='lat' dir='ltr'>inveniat</span> <span class='ocrx_word' id='word_1_129' title='bbox 1045 1565 1073 1620; x_wconf 91' lang='lat' dir='ltr'>id</span> <span class='ocrx_word' id='word_1_130' title='bbox 1101 1565 1175 1637; x_wconf 91' lang='lat' dir='ltr'>quod</span> <span class='ocrx_word' id='word_1_131' title='bbox 1202 1563 1290 1620; x_wconf 82' lang='lat' dir='ltr'>sabula</span> 
     </span>
     <span class='ocr_line' id='line_1_16' title="bbox 137 1646 1288 1722; baseline -0.002 -16"><span class='ocrx_word' id='word_1_132' title='bbox 137 1654 274 1722; x_wconf 90' lang='lat' dir='ltr'>superstes</span> <span class='ocrx_word' id='word_1_133' title='bbox 296 1646 326 1701; x_wconf 84' lang='lat' dir='ltr'>io</span> <span class='ocrx_word' id='word_1_134' title='bbox 352 1646 458 1705; x_wconf 82' lang='lat' dir='ltr'>Casina</span> <span class='ocrx_word' id='word_1_135' title='bbox 480 1648 540 1702; x_wconf 85' lang='lat' dir='ltr'>sine</span> <span class='ocrx_word' id='word_1_136' title='bbox 563 1655 650 1713; x_wconf 89' lang='lat' dir='ltr'>amet,</span> <span class='ocrx_word' id='word_1_137' title='bbox 673 1649 734 1704; x_wconf 82' lang='lat' dir='ltr'>aine</span> <span class='ocrx_word' id='word_1_138' title='bbox 758 1649 832 1719; x_wconf 79' lang='lat' dir='ltr'>quod</span> <span class='ocrx_word' id='word_1_139' title='bbox 848 1689 854 1703; x_wconf 95' lang='lat'><strong><em>.</em></strong></span> <span class='ocrx_word' id='word_1_140' title='bbox 873 1689 879 1702; x_wconf 92' lang='lat'><strong>.</strong></span> <span class='ocrx_word' id='word_1_141' title='bbox 896 1649 1080 1721; x_wconf 86' lang='lat' dir='ltr'>reponendum</span> <span class='ocrx_word' id='word_1_142' title='bbox 1103 1665 1161 1705; x_wconf 90' lang='lat' dir='ltr'>esse</span> <span class='ocrx_word' id='word_1_143' title='bbox 1183 1656 1288 1714; x_wconf 89' lang='lat' dir='ltr'>monet;</span> 
     </span>
     <span class='ocr_line' id='line_1_17' title="bbox 138 1729 1289 1806; baseline -0.003 -16"><span class='ocrx_word' id='word_1_144' title='bbox 138 1733 259 1790; x_wconf 89' lang='lat' dir='ltr'>similiter</span> <span class='ocrx_word' id='word_1_145' title='bbox 280 1729 299 1803; x_wconf 64' lang='grc' dir='ltr'><strong>ξ</strong></span> <span class='ocrx_word' id='word_1_146' title='bbox 323 1733 360 1789; x_wconf 85' lang='grc'>57</span> <span class='ocrx_word' id='word_1_147' title='bbox 386 1748 418 1787; x_wconf 91' lang='lat' dir='ltr'>ex</span> <span class='ocrx_word' id='word_1_148' title='bbox 440 1731 594 1788; x_wconf 88' lang='lat' dir='ltr'>Trinummo</span> <span class='ocrx_word' id='word_1_149' title='bbox 618 1750 687 1806; x_wconf 89' lang='lat' dir='ltr'>quae</span> <span class='ocrx_word' id='word_1_150' title='bbox 709 1733 807 1789; x_wconf 92' lang='lat' dir='ltr'>desunt</span> <span class='ocrx_word' id='word_1_151' title='bbox 829 1741 942 1806; x_wconf 91' lang='lat' dir='ltr'>propter</span> <span class='ocrx_word' id='word_1_152' title='bbox 963 1733 1047 1789; x_wconf 92' lang='lat' dir='ltr'>simile</span> <span class='ocrx_word' id='word_1_153' title='bbox 1070 1733 1204 1797; x_wconf 89' lang='lat' dir='ltr'>desinens,</span> <span class='ocrx_word' id='word_1_154' title='bbox 1229 1750 1289 1787; x_wconf 89' lang='lat' dir='ltr'>nam</span> 
     </span>
     <span class='ocr_line' id='line_1_18' title="bbox 134 1814 1291 1892; baseline -0.002 -18"><span class='ocrx_word' id='word_1_155' title='bbox 134 1825 232 1892; x_wconf 89' lang='lat' dir='ltr'>poetae</span> <span class='ocrx_word' id='word_1_156' title='bbox 253 1814 373 1881; x_wconf 89' lang='lat' dir='ltr'>verbum,</span> <span class='ocrx_word' id='word_1_157' title='bbox 398 1816 469 1889; x_wconf 92' lang='lat' dir='ltr'>quod</span> <span class='ocrx_word' id='word_1_158' title='bbox 493 1817 575 1872; x_wconf 86' lang='lat' dir='ltr'>Varro</span> <span class='ocrx_word' id='word_1_159' title='bbox 598 1818 726 1890; x_wconf 89' lang='lat' dir='ltr'>explicat,</span> <span class='ocrx_word' id='word_1_160' title='bbox 757 1818 900 1891; x_wconf 89' lang='lat' dir='ltr'>repetitum</span> <span class='ocrx_word' id='word_1_161' title='bbox 922 1817 1037 1892; x_wconf 81' lang='lat' dir='ltr'>legitur,</span> <span class='ocrx_word' id='word_1_162' title='bbox 1061 1835 1115 1891; x_wconf 92' lang='lat' dir='ltr'>quo</span> <span class='ocrx_word' id='word_1_163' title='bbox 1138 1817 1237 1873; x_wconf 91' lang='lat' dir='ltr'>lactum</span> <span class='ocrx_word' id='word_1_164' title='bbox 1259 1825 1291 1873; x_wconf 91' lang='lat' dir='ltr'>nt</span> 
     </span>
     <span class='ocr_line' id='line_1_19' title="bbox 135 1899 1289 1973; baseline -0.001 -15"><span class='ocrx_word' id='word_1_165' title='bbox 135 1902 222 1958; x_wconf 88' lang='lat' dir='ltr'>media</span> <span class='ocrx_word' id='word_1_166' title='bbox 250 1899 421 1956; x_wconf 83' lang='lat' dir='ltr'>librariorum</span> <span class='ocrx_word' id='word_1_167' title='bbox 449 1901 521 1956; x_wconf 92' lang='lat' dir='ltr'>oculi</span> <span class='ocrx_word' id='word_1_168' title='bbox 549 1903 712 1959; x_wconf 88' lang='lat' dir='ltr'>omitterent.</span> <span class='ocrx_word' id='word_1_169' title='bbox 757 1903 774 1972; x_wconf 58' lang='grc' dir='ltr'><em>ᾗ</em></span> <span class='ocrx_word' id='word_1_170' title='bbox 797 1905 835 1959; x_wconf 87' lang='grc'>87</span> <span class='ocrx_word' id='word_1_171' title='bbox 865 1903 942 1973; x_wconf 84' lang='lat' dir='ltr'>apud</span> <span class='ocrx_word' id='word_1_172' title='bbox 971 1903 1107 1958; x_wconf 84' lang='lat' dir='ltr'>Pacuium</span> <span class='ocrx_word' id='word_1_173' title='bbox 1135 1903 1289 1972; x_wconf 77' lang='lat' dir='ltr'>fleconimc</span> 
     </span>
     <span class='ocr_line' id='line_1_20' title="bbox 136 1984 1286 2058; baseline -0.001 -15"><span class='ocrx_word' id='word_1_174' title='bbox 136 1993 279 2058; x_wconf 75' lang='lat' dir='ltr'>tamqnam</span> <span class='ocrx_word' id='word_1_175' title='bbox 301 1984 446 2058; x_wconf 76' lang='lat' dir='ltr'>lymphata</span> <span class='ocrx_word' id='word_1_176' title='bbox 468 1986 544 2041; x_wconf 86' lang='lat' dir='ltr'>dicta</span> <span class='ocrx_word' id='word_1_177' title='bbox 566 2003 584 2042; x_wconf 88' lang='lat' dir='ltr'>c</span> <span class='ocrx_word' id='word_1_178' title='bbox 607 1986 743 2058; x_wconf 77' lang='lat' dir='ltr'>lympha.</span> <span class='ocrx_word' id='word_1_179' title='bbox 763 2026 769 2040; x_wconf 95' lang='lat'><strong><em>.</em></strong></span> <span class='ocrx_word' id='word_1_180' title='bbox 787 1985 893 2040; x_wconf 78' lang='lat' dir='ltr'>Bacchi</span> <span class='ocrx_word' id='word_1_181' title='bbox 915 1993 941 2041; x_wconf 91' lang='lat' dir='ltr'>et</span> <span class='ocrx_word' id='word_1_182' title='bbox 955 1986 1049 2053; x_wconf 83' lang='lat' dir='ltr'>Liber,</span> <span class='ocrx_word' id='word_1_183' title='bbox 1074 1988 1151 2042; x_wconf 81' lang='lat' dir='ltr'>cuias</span> <span class='ocrx_word' id='word_1_184' title='bbox 1175 1989 1286 2043; x_wconf 82' lang='lat' dir='ltr'>comites</span> 
     </span>
     <span class='ocr_line' id='line_1_21' title="bbox 135 2069 1286 2144; baseline 0 -18"><span class='ocrx_word' id='word_1_185' title='bbox 135 2070 277 2126; x_wconf 73' lang='lat' dir='ltr'>Bacchae.</span> <span class='ocrx_word' id='word_1_186' title='bbox 320 2069 390 2126; x_wconf 92' lang='lat' dir='ltr'>inter</span> <span class='ocrx_word' id='word_1_187' title='bbox 411 2070 557 2144; x_wconf 88' lang='lat' dir='ltr'>repetitum</span> <span class='ocrx_word' id='word_1_188' title='bbox 579 2070 731 2143; x_wconf 75' lang='lat' dir='ltr'>lymphata,</span> <span class='ocrx_word' id='word_1_189' title='bbox 756 2071 830 2143; x_wconf 90' lang='lat' dir='ltr'>quod</span> <span class='ocrx_word' id='word_1_190' title='bbox 852 2070 1025 2143; x_wconf 82' lang='lat' dir='ltr'>explanatur,</span> <span class='ocrx_word' id='word_1_191' title='bbox 1050 2072 1177 2144; x_wconf 88' lang='lat' dir='ltr'>quaedam</span> <span class='ocrx_word' id='word_1_192' title='bbox 1200 2073 1286 2127; x_wconf 90' lang='lat' dir='ltr'>inter-</span> 
     </span>
     <span class='ocr_line' id='line_1_22' title="bbox 136 2153 1286 2228; baseline -0.003 -15"><span class='ocrx_word' id='word_1_193' title='bbox 136 2156 233 2213; x_wconf 91' lang='lat' dir='ltr'>cidisse</span> <span class='ocrx_word' id='word_1_194' title='bbox 246 2155 274 2210; x_wconf 90' lang='lat' dir='ltr'>in</span> <span class='ocrx_word' id='word_1_195' title='bbox 289 2153 375 2228; x_wconf 88' lang='lat' dir='ltr'>iisque</span> <span class='ocrx_word' id='word_1_196' title='bbox 397 2171 495 2210; x_wconf 91' lang='lat' dir='ltr'>nomen</span> <span class='ocrx_word' id='word_1_197' title='bbox 517 2155 609 2211; x_wconf 88' lang='lat' dir='ltr'>Bacchi</span> <span class='ocrx_word' id='word_1_198' title='bbox 629 2154 714 2211; x_wconf 88' lang='lat' dir='ltr'>luisse</span> <span class='ocrx_word' id='word_1_199' title='bbox 737 2172 767 2210; x_wconf 89' lang='lat' dir='ltr'>ex</span> <span class='ocrx_word' id='word_1_200' title='bbox 784 2155 910 2209; x_wconf 88' lang='lat' dir='ltr'>Varronis</span> <span class='ocrx_word' id='word_1_201' title='bbox 933 2155 1021 2211; x_wconf 83' lang='lat' dir='ltr'>verbis</span> <span class='ocrx_word' id='word_1_202' title='bbox 1045 2163 1127 2228; x_wconf 89' lang='lat' dir='ltr'>patet,</span> <span class='ocrx_word' id='word_1_203' title='bbox 1151 2157 1286 2228; x_wconf 82' lang='lat' dir='ltr'>integrum</span> 
     </span>
     <span class='ocr_line' id='line_1_23' title="bbox 132 2239 636 2305; baseline -0.002 -9"><span class='ocrx_word' id='word_1_204' title='bbox 132 2256 240 2297; x_wconf 84' lang='lat' dir='ltr'>versum</span> <span class='ocrx_word' id='word_1_205' title='bbox 264 2239 355 2294; x_wconf 80' lang='lat' dir='ltr'>Cicero</span> <span class='ocrx_word' id='word_1_206' title='bbox 379 2239 411 2295; x_wconf 94' lang='lat' dir='ltr'>de</span> <span class='ocrx_word' id='word_1_207' title='bbox 434 2240 513 2295; x_wconf 90' lang='lat' dir='ltr'>divin.</span> <span class='ocrx_word' id='word_1_208' title='bbox 537 2241 556 2305; x_wconf 91' lang='lat' dir='ltr'>l,</span> <span class='ocrx_word' id='word_1_209' title='bbox 582 2241 636 2298; x_wconf 88' lang='lat'>80:</span> 
     </span>
    </p>

    <p class='ocr_par' dir='ltr' id='par_1_9' title="bbox 132 2321 1178 2480">
     <span class='ocr_line' id='line_1_24' title="bbox 217 2321 1178 2396; baseline -0.001 -18"><span class='ocrx_word' id='word_1_210' title='bbox 217 2325 373 2395; x_wconf 75' lang='lat' dir='ltr'>decaniaco</span> <span class='ocrx_word' id='word_1_211' title='bbox 395 2330 537 2394; x_wconf 80' lang='lat' dir='ltr'>tamquam</span> <span class='ocrx_word' id='word_1_212' title='bbox 559 2323 703 2396; x_wconf 75' lang='lat' dir='ltr'>lymphata</span> <span class='ocrx_word' id='word_1_213' title='bbox 727 2330 775 2378; x_wconf 84' lang='lat' dir='ltr'>cut</span> <span class='ocrx_word' id='word_1_214' title='bbox 798 2321 904 2377; x_wconf 80' lang='lat' dir='ltr'>Bacchi</span> <span class='ocrx_word' id='word_1_215' title='bbox 928 2323 1020 2377; x_wconf 83' lang='lat' dir='ltr'>sacris</span> <span class='ocrx_word' id='word_1_216' title='bbox 1042 2329 1178 2377; x_wconf 86' lang='lat' dir='ltr'>commota</span> 
     </span>
     <span class='ocr_line' id='line_1_25' title="bbox 132 2407 670 2480; baseline -0.007 -14"><span class='ocrx_word' id='word_1_217' title='bbox 132 2410 257 2474; x_wconf 74' lang='lat' dir='ltr'>servant,</span> <span class='ocrx_word' id='word_1_218' title='bbox 281 2407 354 2464; x_wconf 89' lang='lat' dir='ltr'>conl.</span> <span class='ocrx_word' id='word_1_219' title='bbox 377 2409 450 2464; x_wconf 81' lang='lat' dir='ltr'>Accii</span> <span class='ocrx_word' id='word_1_220' title='bbox 472 2426 564 2464; x_wconf 90' lang='lat' dir='ltr'>versus</span> <span class='ocrx_word' id='word_1_221' title='bbox 587 2409 670 2480; x_wconf 64' lang='lat' dir='ltr'>§ll</span> 
     </span>
    </p>
   </div>
   <div class='ocr_carea' id='block_1_4' title="bbox 219 2503 826 2589">
    <p class='ocr_par' dir='ltr' id='par_1_10' title="bbox 219 2503 826 2589">
     <span class='ocr_line' id='line_1_26' title="bbox 219 2503 826 2589; baseline -0.008 -22"><span class='ocrx_word' id='word_1_222' title='bbox 219 2512 237 2583; x_wconf 57' lang='grc' dir='ltr'>ᾗ</span> <span class='ocrx_word' id='word_1_223' title='bbox 260 2511 298 2567; x_wconf 86' lang='grc'>24</span> <span class='ocrx_word' id='word_1_224' title='bbox 323 2510 397 2567; x_wconf 89' lang='lat' dir='ltr'>deest</span> <span class='ocrx_word' id='word_1_225' title='bbox 418 2509 521 2575; x_wconf 88' lang='lat' dir='ltr'>folium,</span> <span class='ocrx_word' id='word_1_226' title='bbox 544 2518 601 2565; x_wconf 87' lang='lat' dir='ltr'>turn</span> <span class='ocrx_word' id='word_1_227' title='bbox 623 2503 704 2589; x_wconf 55' lang='lat' dir='ltr'>usssic</span> <span class='ocrx_word' id='word_1_228' title='bbox 725 2507 826 2582; x_wconf 81' lang='lat' dir='ltr'>pergit:</span> 
     </span>
    </p>
   </div>
   <div class='ocr_carea' id='block_1_5' title="bbox 218 2608 1284 3191">
    <p class='ocr_par' dir='ltr' id='par_1_11' title="bbox 218 2608 1284 3191">
     <span class='ocr_line' id='line_1_27' title="bbox 219 2608 1282 2684; baseline -0.006 -16"><span class='ocrx_word' id='word_1_229' title='bbox 219 2613 338 2684; x_wconf 61' lang='lat' dir='ltr'>agrestis</span> <span class='ocrx_word' id='word_1_230' title='bbox 362 2612 398 2666; x_wconf 85' lang='lat' dir='ltr'>ab</span> <span class='ocrx_word' id='word_1_231' title='bbox 428 2627 497 2682; x_wconf 77' lang='lat' dir='ltr'>cpro</span> <span class='ocrx_word' id='word_1_232' title='bbox 521 2611 611 2667; x_wconf 83' lang='lat' dir='ltr'>dictas</span> <span class='ocrx_word' id='word_1_233' title='bbox 635 2617 756 2682; x_wconf 84' lang='lat' dir='ltr'>apparet</span> <span class='ocrx_word' id='word_1_234' title='bbox 778 2608 886 2680; x_wconf 80' lang='lat' dir='ltr'>infulas</span> <span class='ocrx_word' id='word_1_235' title='bbox 908 2608 1008 2664; x_wconf 81' lang='lat' dir='ltr'>hostiis</span> <span class='ocrx_word' id='word_1_236' title='bbox 1031 2610 1104 2680; x_wconf 81' lang='lat' dir='ltr'>qood</span> <span class='ocrx_word' id='word_1_237' title='bbox 1124 2608 1282 2663; x_wconf 78' lang='lat' dir='ltr'>velamento</span> 
     </span>
     <span class='ocr_line' id='line_1_28' title="bbox 218 2692 1284 2767; baseline -0.004 -15"><span class='ocrx_word' id='word_1_238' title='bbox 218 2697 262 2752; x_wconf 80' lang='lat' dir='ltr'>hia</span> <span class='ocrx_word' id='word_1_239' title='bbox 279 2713 293 2750; x_wconf 90' lang='lat' dir='ltr'>e</span> <span class='ocrx_word' id='word_1_240' title='bbox 308 2697 378 2752; x_wconf 87' lang='lat' dir='ltr'>lana</span> <span class='ocrx_word' id='word_1_241' title='bbox 394 2710 466 2767; x_wconf 79' lang='lat' dir='ltr'>quoe</span> <span class='ocrx_word' id='word_1_242' title='bbox 482 2697 624 2752; x_wconf 83' lang='lat' dir='ltr'>adduntur</span> <span class='ocrx_word' id='word_1_243' title='bbox 646 2695 756 2767; x_wconf 78' lang='lat' dir='ltr'>insulae</span> <span class='ocrx_word' id='word_1_244' title='bbox 769 2695 864 2767; x_wconf 79' lang='lat' dir='ltr'>itaque</span> <span class='ocrx_word' id='word_1_245' title='bbox 880 2701 936 2749; x_wconf 82' lang='lat' dir='ltr'>tam</span> <span class='ocrx_word' id='word_1_246' title='bbox 951 2695 1025 2766; x_wconf 80' lang='lat' dir='ltr'>quod</span> <span class='ocrx_word' id='word_1_247' title='bbox 1046 2695 1085 2750; x_wconf 86' lang='lat' dir='ltr'>cd</span> <span class='ocrx_word' id='word_1_248' title='bbox 1106 2692 1284 2765; x_wconf 81' lang='lat' dir='ltr'>sepulchrum</span> 
     </span>
     <span class='ocr_line' id='line_1_29' title="bbox 218 2777 1284 2853; baseline -0.002 -17"><span class='ocrx_word' id='word_1_249' title='bbox 218 2781 312 2853; x_wconf 77' lang='lat' dir='ltr'>serunt</span> <span class='ocrx_word' id='word_1_250' title='bbox 332 2781 461 2853; x_wconf 76' lang='lat' dir='ltr'>frondem</span> <span class='ocrx_word' id='word_1_251' title='bbox 484 2797 517 2836; x_wconf 88' lang='lat' dir='ltr'>oc</span> <span class='ocrx_word' id='word_1_252' title='bbox 538 2780 637 2849; x_wconf 72' lang='lat' dir='ltr'>stores,</span> <span class='ocrx_word' id='word_1_253' title='bbox 673 2780 782 2835; x_wconf 86' lang='lat' dir='ltr'>addidit</span> <span class='ocrx_word' id='word_1_254' title='bbox 803 2795 861 2834; x_wconf 80' lang='lat' dir='ltr'>non</span> <span class='ocrx_word' id='word_1_255' title='bbox 890 2781 973 2834; x_wconf 85' lang='lat' dir='ltr'>lanas</span> <span class='ocrx_word' id='word_1_256' title='bbox 1001 2779 1052 2833; x_wconf 80' lang='lat' dir='ltr'>sed</span> <span class='ocrx_word' id='word_1_257' title='bbox 1072 2779 1182 2834; x_wconf 82' lang='lat' dir='ltr'>celator</span> <span class='ocrx_word' id='word_1_258' title='bbox 1204 2777 1284 2849; x_wconf 82' lang='lat' dir='ltr'>sren-</span> 
     </span>
     <span class='ocr_line' id='line_1_30' title="bbox 219 2864 1284 2935; baseline -0.005 -14"><span class='ocrx_word' id='word_1_259' title='bbox 219 2867 309 2922; x_wconf 80' lang='lat' dir='ltr'>dentio</span> <span class='ocrx_word' id='word_1_260' title='bbox 332 2881 426 2920; x_wconf 84' lang='lat' dir='ltr'>cornus</span> <span class='ocrx_word' id='word_1_261' title='bbox 448 2881 555 2920; x_wconf 83' lang='lat' dir='ltr'>cornua</span> <span class='ocrx_word' id='word_1_262' title='bbox 579 2872 690 2921; x_wconf 83' lang='lat' dir='ltr'>taurum</span> <span class='ocrx_word' id='word_1_263' title='bbox 715 2864 842 2919; x_wconf 82' lang='lat' dir='ltr'>umbram</span> <span class='ocrx_word' id='word_1_264' title='bbox 870 2864 928 2919; x_wconf 87' lang='lat' dir='ltr'>ieci</span> <span class='ocrx_word' id='word_1_265' title='bbox 956 2864 1049 2919; x_wconf 83' lang='lat' dir='ltr'>dicere</span> <span class='ocrx_word' id='word_1_266' title='bbox 1078 2871 1200 2935; x_wconf 84' lang='lat' dir='ltr'>apparet</span> <span class='ocrx_word' id='word_1_267' title='bbox 1223 2879 1284 2918; x_wconf 88' lang='lat' dir='ltr'>cor·</span> 
     </span>
     <span class='ocr_line' id='line_1_31' title="bbox 218 2949 1283 3021; baseline -0.003 -16"><span class='ocrx_word' id='word_1_268' title='bbox 218 2957 314 3006; x_wconf 81' lang='lat' dir='ltr'>notam</span> <span class='ocrx_word' id='word_1_269' title='bbox 337 2967 356 3005; x_wconf 88' lang='lat' dir='ltr'>a</span> <span class='ocrx_word' id='word_1_270' title='bbox 379 2951 524 3014; x_wconf 77' lang='lat' dir='ltr'>cornicar,</span> <span class='ocrx_word' id='word_1_271' title='bbox 559 2966 664 3005; x_wconf 83' lang='lat' dir='ltr'>cornua</span> <span class='ocrx_word' id='word_1_272' title='bbox 687 2967 706 3004; x_wconf 86' lang='lat' dir='ltr'>o</span> <span class='ocrx_word' id='word_1_273' title='bbox 728 2965 845 3004; x_wconf 76' lang='lat' dir='ltr'>cariore</span> <span class='ocrx_word' id='word_1_274' title='bbox 868 2949 943 3004; x_wconf 86' lang='lat' dir='ltr'>dicto</span> <span class='ocrx_word' id='word_1_275' title='bbox 966 2950 1040 3020; x_wconf 79' lang='lat' dir='ltr'>quod</span> <span class='ocrx_word' id='word_1_276' title='bbox 1057 2949 1196 3021; x_wconf 79' lang='lat' dir='ltr'>pleraque</span> <span class='ocrx_word' id='word_1_277' title='bbox 1220 2965 1283 3004; x_wconf 82' lang='lat' dir='ltr'>cur·</span> 
     </span>
     <span class='ocr_line' id='line_1_32' title="bbox 219 3027 1284 3107; baseline -0.002 -17"><span class='ocrx_word' id='word_1_278' title='bbox 219 3051 317 3090; x_wconf 82' lang='lat' dir='ltr'>namus</span> <span class='ocrx_word' id='word_1_279' title='bbox 347 3031 385 3089; x_wconf 77' lang='lat' dir='ltr'>Ac</span> <span class='ocrx_word' id='word_1_280' title='bbox 414 3050 484 3107; x_wconf 79' lang='lat' dir='ltr'>quar</span> <span class='ocrx_word' id='word_1_281' title='bbox 511 3042 667 3091; x_wconf 83' lang='lat' dir='ltr'>memorant</span> <span class='ocrx_word' id='word_1_282' title='bbox 694 3050 777 3090; x_wconf 84' lang='lat' dir='ltr'>nosce</span> <span class='ocrx_word' id='word_1_283' title='bbox 808 3049 860 3090; x_wconf 76' lang='lat' dir='ltr'>rios</span> <span class='ocrx_word' id='word_1_284' title='bbox 888 3027 919 3088; x_wconf 68' lang='lat' dir='ltr'>ii</span> <span class='ocrx_word' id='word_1_285' title='bbox 948 3050 1128 3090; x_wconf 84' lang='lat' dir='ltr'>camenarum</span> <span class='ocrx_word' id='word_1_286' title='bbox 1157 3035 1284 3105; x_wconf 83' lang='lat' dir='ltr'>priscum</span> 
     </span>
     <span class='ocr_line' id='line_1_33' title="bbox 218 3120 904 3191; baseline 0 -17"><span class='ocrx_word' id='word_1_287' title='bbox 218 3120 385 3176; x_wconf 83' lang='lat' dir='ltr'>vocobulum</span> <span class='ocrx_word' id='word_1_288' title='bbox 406 3120 449 3174; x_wconf 87' lang='lat' dir='ltr'>ita</span> <span class='ocrx_word' id='word_1_289' title='bbox 471 3127 567 3176; x_wconf 81' lang='lat' dir='ltr'>natum</span> <span class='ocrx_word' id='word_1_290' title='bbox 590 3136 624 3175; x_wconf 86' lang='lat' dir='ltr'>cc</span> <span class='ocrx_word' id='word_1_291' title='bbox 646 3120 779 3191; x_wconf 84' lang='lat' dir='ltr'>scriptum</span> <span class='ocrx_word' id='word_1_292' title='bbox 801 3127 841 3172; x_wconf 83' lang='lat' dir='ltr'>ert</span> <span class='ocrx_word' id='word_1_293' title='bbox 864 3159 870 3173; x_wconf 95' lang='lat'><strong><em>.</em></strong></span> <span class='ocrx_word' id='word_1_294' title='bbox 896 3156 904 3174; x_wconf 89' lang='lat'><strong>.</strong></span> 
     </span>
    </p>
   </div>
   <div class='ocr_carea' id='block_1_6' title="bbox 134 3218 1291 3457">
    <p class='ocr_par' dir='ltr' id='par_1_12' title="bbox 134 3218 1291 3457">
     <span class='ocr_line' id='line_1_34' title="bbox 136 3218 1286 3301; baseline -0.007 -22"><span class='ocrx_word' id='word_1_295' title='bbox 136 3221 360 3301; x_wconf 89' lang='lat' dir='ltr'>quemadmodum</span> <span class='ocrx_word' id='word_1_296' title='bbox 382 3220 508 3276; x_wconf 90' lang='lat' dir='ltr'>Varronis</span> <span class='ocrx_word' id='word_1_297' title='bbox 531 3219 612 3276; x_wconf 89' lang='lat' dir='ltr'>verba</span> <span class='ocrx_word' id='word_1_298' title='bbox 634 3221 692 3276; x_wconf 92' lang='lat' dir='ltr'>sine</span> <span class='ocrx_word' id='word_1_299' title='bbox 715 3236 792 3276; x_wconf 85' lang='lat' dir='ltr'>causa</span> <span class='ocrx_word' id='word_1_300' title='bbox 814 3220 882 3277; x_wconf 90' lang='lat' dir='ltr'>male</span> <span class='ocrx_word' id='word_1_301' title='bbox 903 3226 1003 3274; x_wconf 89' lang='lat' dir='ltr'>mutata</span> <span class='ocrx_word' id='word_1_302' title='bbox 1028 3219 1127 3275; x_wconf 89' lang='lat' dir='ltr'>luerint</span> <span class='ocrx_word' id='word_1_303' title='bbox 1149 3227 1180 3274; x_wconf 91' lang='lat' dir='ltr'>ut</span> <span class='ocrx_word' id='word_1_304' title='bbox 1201 3218 1286 3290; x_wconf 90' lang='lat' dir='ltr'>quivis</span> 
     </span>
     <span class='ocr_line' id='line_1_35' title="bbox 136 3301 1291 3380; baseline -0.006 -18"><span class='ocrx_word' id='word_1_305' title='bbox 136 3307 275 3380; x_wconf 84' lang='lat' dir='ltr'>intelligat,</span> <span class='ocrx_word' id='word_1_306' title='bbox 302 3306 402 3378; x_wconf 89' lang='lat' dir='ltr'>primos</span> <span class='ocrx_word' id='word_1_307' title='bbox 424 3322 518 3361; x_wconf 88' lang='lat' dir='ltr'>versus</span> <span class='ocrx_word' id='word_1_308' title='bbox 540 3304 631 3377; x_wconf 88' lang='lat' dir='ltr'>quales</span> <span class='ocrx_word' id='word_1_309' title='bbox 646 3305 718 3361; x_wconf 90' lang='lat' dir='ltr'>Laeti</span> <span class='ocrx_word' id='word_1_310' title='bbox 740 3304 820 3361; x_wconf 90' lang='lat' dir='ltr'>editio</span> <span class='ocrx_word' id='word_1_311' title='bbox 842 3305 976 3379; x_wconf 90' lang='lat' dir='ltr'>princeps,</span> <span class='ocrx_word' id='word_1_312' title='bbox 1000 3321 1080 3377; x_wconf 92' lang='lat' dir='ltr'>quam</span> <span class='ocrx_word' id='word_1_313' title='bbox 1102 3303 1183 3359; x_wconf 89' lang='lat' dir='ltr'>ceteri</span> <span class='ocrx_word' id='word_1_314' title='bbox 1205 3301 1291 3357; x_wconf 91' lang='lat' dir='ltr'>secuti</span> 
     </span>
     <span class='ocr_line' id='line_1_36' title="bbox 134 3388 512 3457; baseline -0.011 -9"><span class='ocrx_word' id='word_1_315' title='bbox 134 3399 208 3457; x_wconf 88' lang='lat' dir='ltr'>sunt,</span> <span class='ocrx_word' id='word_1_316' title='bbox 231 3389 360 3453; x_wconf 87' lang='lat' dir='ltr'>exhibeat,</span> <span class='ocrx_word' id='word_1_317' title='bbox 384 3388 512 3446; x_wconf 84' lang='lat' dir='ltr'>referam:</span> 
     </span>
    </p>
   </div>
   <div class='ocr_carea' id='block_1_7' title="bbox 220 3484 1290 3886">
    <p class='ocr_par' dir='ltr' id='par_1_13' title="bbox 220 3484 1290 3886">
     <span class='ocr_line' id='line_1_37' title="bbox 221 3484 1286 3564; baseline -0.008 -16"><span class='ocrx_word' id='word_1_318' title='bbox 221 3492 341 3564; x_wconf 75' lang='lat' dir='ltr'>aprestis</span> <span class='ocrx_word' id='word_1_319' title='bbox 356 3492 392 3546; x_wconf 80' lang='lat' dir='ltr'>cli</span> <span class='ocrx_word' id='word_1_320' title='bbox 409 3507 488 3563; x_wconf 74' lang='lat' dir='ltr'>apro,</span> <span class='ocrx_word' id='word_1_321' title='bbox 511 3490 622 3562; x_wconf 78' lang='lat' dir='ltr'>Insulas</span> <span class='ocrx_word' id='word_1_322' title='bbox 645 3491 735 3546; x_wconf 84' lang='lat' dir='ltr'>dictos</span> <span class='ocrx_word' id='word_1_323' title='bbox 758 3496 887 3562; x_wconf 81' lang='lat' dir='ltr'>apparet,</span> <span class='ocrx_word' id='word_1_324' title='bbox 912 3490 985 3562; x_wconf 80' lang='lat' dir='ltr'>quod</span> <span class='ocrx_word' id='word_1_325' title='bbox 1006 3489 1165 3544; x_wconf 83' lang='lat' dir='ltr'>velamento</span> <span class='ocrx_word' id='word_1_326' title='bbox 1187 3484 1286 3540; x_wconf 76' lang='lat' dir='ltr'>hostiis</span> 
     </span>
     <span class='ocr_line' id='line_1_38' title="bbox 221 3573 1289 3646; baseline -0.007 -14"><span class='ocrx_word' id='word_1_327' title='bbox 221 3594 236 3632; x_wconf 91' lang='lat' dir='ltr'>e</span> <span class='ocrx_word' id='word_1_328' title='bbox 258 3578 328 3633; x_wconf 83' lang='lat' dir='ltr'>lonc</span> <span class='ocrx_word' id='word_1_329' title='bbox 351 3592 423 3646; x_wconf 79' lang='lat' dir='ltr'>quae</span> <span class='ocrx_word' id='word_1_330' title='bbox 446 3577 589 3632; x_wconf 81' lang='lat' dir='ltr'>adduntur</span> <span class='ocrx_word' id='word_1_331' title='bbox 611 3577 741 3631; x_wconf 84' lang='lat' dir='ltr'>dicuntur</span> <span class='ocrx_word' id='word_1_332' title='bbox 762 3574 879 3646; x_wconf 81' lang='lat' dir='ltr'>insulae,</span> <span class='ocrx_word' id='word_1_333' title='bbox 904 3573 1160 3630; x_wconf 70' lang='lat' dir='ltr'>inimicitiarum</span> <span class='ocrx_word' id='word_1_334' title='bbox 1182 3586 1289 3625; x_wconf 81' lang='lat' dir='ltr'>cornua</span> 
     </span>
     <span class='ocr_line' id='line_1_39' title="bbox 220 3654 1290 3731; baseline -0.006 -15"><span class='ocrx_word' id='word_1_335' title='bbox 220 3662 379 3718; x_wconf 82' lang='lat' dir='ltr'>velamenta</span> <span class='ocrx_word' id='word_1_336' title='bbox 398 3667 495 3717; x_wconf 84' lang='lat' dir='ltr'>erant:</span> <span class='ocrx_word' id='word_1_337' title='bbox 518 3660 618 3730; x_wconf 81' lang='lat' dir='ltr'>ltaque</span> <span class='ocrx_word' id='word_1_338' title='bbox 640 3677 715 3717; x_wconf 80' lang='lat' dir='ltr'>curce</span> <span class='ocrx_word' id='word_1_339' title='bbox 737 3677 799 3714; x_wconf 82' lang='lat' dir='ltr'>curn</span> <span class='ocrx_word' id='word_1_340' title='bbox 821 3661 859 3715; x_wconf 88' lang='lat' dir='ltr'>cd</span> <span class='ocrx_word' id='word_1_341' title='bbox 880 3660 1038 3731; x_wconf 82' lang='lat' dir='ltr'>sepulcrum</span> <span class='ocrx_word' id='word_1_342' title='bbox 1058 3656 1153 3728; x_wconf 80' lang='lat' dir='ltr'>serunt</span> <span class='ocrx_word' id='word_1_343' title='bbox 1173 3654 1290 3726; x_wconf 72' lang='lat' dir='ltr'>frondes</span> 
     </span>
     <span class='ocr_line' id='line_1_40' title="bbox 221 3738 1289 3815; baseline -0.007 -13"><span class='ocrx_word' id='word_1_344' title='bbox 221 3762 255 3802; x_wconf 86' lang='lat' dir='ltr'>ac</span> <span class='ocrx_word' id='word_1_345' title='bbox 276 3747 361 3815; x_wconf 75' lang='lat' dir='ltr'>{lorea</span> <span class='ocrx_word' id='word_1_346' title='bbox 384 3746 569 3800; x_wconf 70' lang='lat' dir='ltr'>adductiore</span> <span class='ocrx_word' id='word_1_347' title='bbox 592 3747 692 3801; x_wconf 83' lang='lat' dir='ltr'>lanas:</span> <span class='ocrx_word' id='word_1_348' title='bbox 730 3746 793 3800; x_wconf 90' lang='lat' dir='ltr'>ideo</span> <span class='ocrx_word' id='word_1_349' title='bbox 815 3742 921 3799; x_wconf 81' lang='lat' dir='ltr'>Neuius</span> <span class='ocrx_word' id='word_1_350' title='bbox 945 3744 986 3798; x_wconf 90' lang='lat' dir='ltr'>cit</span> <span class='ocrx_word' id='word_1_351' title='bbox 1007 3743 1057 3797; x_wconf 85' lang='lat' dir='ltr'>sed</span> <span class='ocrx_word' id='word_1_352' title='bbox 1077 3740 1187 3795; x_wconf 83' lang='lat' dir='ltr'>velatas</span> <span class='ocrx_word' id='word_1_353' title='bbox 1208 3738 1289 3810; x_wconf 74' lang='lat' dir='ltr'>fron·</span> 
     </span>
     <span class='ocr_line' id='line_1_41' title="bbox 220 3830 490 3886; baseline 0 0"><span class='ocrx_word' id='word_1_354' title='bbox 220 3830 310 3886; x_wconf 78' lang='lat' dir='ltr'>dentis</span> <span class='ocrx_word' id='word_1_355' title='bbox 333 3845 427 3884; x_wconf 81' lang='lat' dir='ltr'>comcs</span> <span class='ocrx_word' id='word_1_356' title='bbox 451 3870 458 3884; x_wconf 91' lang='lat'><strong>.</strong></span> <span class='ocrx_word' id='word_1_357' title='bbox 482 3870 490 3886; x_wconf 88' lang='lat'><strong>.</strong></span> 
     </span>
    </p>
   </div>
   <div class='ocr_carea' id='block_1_8' title="bbox 135 3925 1290 4259">
    <p class='ocr_par' dir='ltr' id='par_1_14' title="bbox 135 3925 1290 4259">
     <span class='ocr_line' id='line_1_42' title="bbox 137 3925 1289 4003; baseline -0.005 -17"><span class='ocrx_word' id='word_1_358' title='bbox 137 3933 180 3988; x_wconf 86' lang='lat' dir='ltr'>vix</span> <span class='ocrx_word' id='word_1_359' title='bbox 208 3932 300 3989; x_wconf 88' lang='lat' dir='ltr'>credas</span> <span class='ocrx_word' id='word_1_360' title='bbox 327 3939 428 3987; x_wconf 86' lang='lat' dir='ltr'>tantam</span> <span class='ocrx_word' id='word_1_361' title='bbox 450 3929 682 4003; x_wconf 83' lang='lat' dir='ltr'>interpolationem</span> <span class='ocrx_word' id='word_1_362' title='bbox 712 3930 786 3986; x_wconf 90' lang='lat' dir='ltr'>nasci</span> <span class='ocrx_word' id='word_1_363' title='bbox 818 3929 954 4002; x_wconf 86' lang='lat' dir='ltr'>potuisse;</span> <span class='ocrx_word' id='word_1_364' title='bbox 993 3942 1053 3981; x_wconf 92' lang='lat' dir='ltr'>nam</span> <span class='ocrx_word' id='word_1_365' title='bbox 1087 3925 1161 3983; x_wconf 91' lang='lat' dir='ltr'>cuius</span> <span class='ocrx_word' id='word_1_366' title='bbox 1194 3933 1289 3998; x_wconf 90' lang='lat' dir='ltr'>poetae</span> 
     </span>
     <span class='ocr_line' id='line_1_43' title="bbox 137 4009 1288 4089; baseline -0.004 -18"><span class='ocrx_word' id='word_1_367' title='bbox 137 4015 219 4074; x_wconf 87' lang='lat' dir='ltr'>verba</span> <span class='ocrx_word' id='word_1_368' title='bbox 240 4024 410 4089; x_wconf 81' lang='lat' dir='ltr'>exponantur</span> <span class='ocrx_word' id='word_1_369' title='bbox 430 4015 562 4069; x_wconf 89' lang='lat' dir='ltr'>incertum</span> <span class='ocrx_word' id='word_1_370' title='bbox 585 4022 639 4080; x_wconf 86' lang='lat' dir='ltr'>est;</span> <span class='ocrx_word' id='word_1_371' title='bbox 674 4015 731 4071; x_wconf 92' lang='lat' dir='ltr'>eius</span> <span class='ocrx_word' id='word_1_372' title='bbox 753 4030 853 4069; x_wconf 90' lang='lat' dir='ltr'>nomen</span> <span class='ocrx_word' id='word_1_373' title='bbox 875 4014 902 4067; x_wconf 92' lang='lat' dir='ltr'>in</span> <span class='ocrx_word' id='word_1_374' title='bbox 923 4013 1016 4067; x_wconf 89' lang='lat' dir='ltr'>lacuna</span> <span class='ocrx_word' id='word_1_375' title='bbox 1039 4009 1118 4073; x_wconf 88' lang='lat' dir='ltr'>latet,</span> <span class='ocrx_word' id='word_1_376' title='bbox 1149 4017 1177 4066; x_wconf 91' lang='lat' dir='ltr'>et</span> <span class='ocrx_word' id='word_1_377' title='bbox 1198 4010 1288 4066; x_wconf 90' lang='lat' dir='ltr'>nescio</span> 
     </span>
     <span class='ocr_line' id='line_1_44' title="bbox 139 4094 1290 4174; baseline -0.007 -16"><span class='ocrx_word' id='word_1_378' title='bbox 139 4102 215 4158; x_wconf 89' lang='lat' dir='ltr'>cuius</span> <span class='ocrx_word' id='word_1_379' title='bbox 242 4101 380 4174; x_wconf 78' lang='lat' dir='ltr'>ingenium</span> <span class='ocrx_word' id='word_1_380' title='bbox 409 4099 536 4154; x_wconf 85' lang='lat' dir='ltr'>Naevium</span> <span class='ocrx_word' id='word_1_381' title='bbox 564 4099 591 4153; x_wconf 93' lang='lat' dir='ltr'>in</span> <span class='ocrx_word' id='word_1_382' title='bbox 618 4099 691 4154; x_wconf 94' lang='lat' dir='ltr'>Laeti</span> <span class='ocrx_word' id='word_1_383' title='bbox 721 4099 836 4155; x_wconf 90' lang='lat' dir='ltr'>editione</span> <span class='ocrx_word' id='word_1_384' title='bbox 864 4095 980 4170; x_wconf 92' lang='lat' dir='ltr'>(nullum</span> <span class='ocrx_word' id='word_1_385' title='bbox 1002 4096 1030 4150; x_wconf 92' lang='lat' dir='ltr'>in</span> <span class='ocrx_word' id='word_1_386' title='bbox 1053 4094 1076 4149; x_wconf 90' lang='lat' dir='ltr'>ll</span> <span class='ocrx_word' id='word_1_387' title='bbox 1099 4095 1240 4168; x_wconf 74' lang='lat' dir='ltr'>vestigium</span> <span class='ocrx_word' id='word_1_388' title='bbox 1263 4103 1290 4150; x_wconf 89' lang='lat' dir='ltr'>et</span> 
     </span>
     <span class='ocr_line' id='line_1_45' title="bbox 135 4179 1288 4259; baseline -0.005 -18"><span class='ocrx_word' id='word_1_389' title='bbox 135 4186 194 4259; x_wconf 88' lang='lat' dir='ltr'>ipse</span> <span class='ocrx_word' id='word_1_390' title='bbox 216 4186 236 4241; x_wconf 92' lang='lat' dir='ltr'><strong>B</strong></span> <span class='ocrx_word' id='word_1_391' title='bbox 258 4185 323 4241; x_wconf 89' lang='lat' dir='ltr'>haec</span> <span class='ocrx_word' id='word_1_392' title='bbox 344 4181 462 4257; x_wconf 78' lang='lat' dir='ltr'>ignorat)</span> <span class='ocrx_word' id='word_1_393' title='bbox 485 4183 654 4256; x_wconf 89' lang='lat' dir='ltr'>procuderit;</span> <span class='ocrx_word' id='word_1_394' title='bbox 689 4184 739 4239; x_wconf 91' lang='lat' dir='ltr'>nisi</span> <span class='ocrx_word' id='word_1_395' title='bbox 767 4192 840 4239; x_wconf 87' lang='lat' dir='ltr'>certa</span> <span class='ocrx_word' id='word_1_396' title='bbox 869 4188 940 4237; x_wconf 87' lang='lat' dir='ltr'>esset</span> <span class='ocrx_word' id='word_1_397' title='bbox 966 4179 1064 4236; x_wconf 90' lang='lat' dir='ltr'>codicis</span> <span class='ocrx_word' id='word_1_398' title='bbox 1092 4179 1288 4244; x_wconf 80' lang='lat' dir='ltr'>Fauctoritas,</span> 
     </span>
    </p>
   </div>
   <div class='ocr_carea' id='block_1_9' title="bbox 0 0 1524 5048">
    <p class='ocr_par' dir='ltr' id='par_1_15' title="bbox 0 0 1524 5048">
     <span class='ocr_line' id='line_1_46' title="bbox 0 0 1524 5048; baseline 0 2"><span class='ocrx_word' id='word_1_399' title='bbox 0 0 1524 5048; x_wconf 95' lang='lat' dir='ltr'> </span> 
     </span>
    </p>
   </div>
  </div>
 </body>
</html>
