3038 5048
141 853 161 934 e
184 854 224 916 es

93 971 125 1022 (p.
133 969 172 1013 ³⁷²
181 967 237 1022 sps)

139 1259 223 1342 see

251 273 312 332 154
566 272 680 330 urere
698 272 889 330 snrrrnus.
924 275 942 343 s
960 278 1070 330 er-oc.

249 444 401 530 Olepsere
422 444 514 528 dixit,
536 445 621 512 unde
644 445 739 510 etiam
763 446 819 511 alii
834 445 977 530 clepere,
999 445 1034 511 id
1056 454 1104 512 est
1124 444 1300 529 corripere,
1324 464 1410 528 quo-

249 566 319 614 rum
341 546 430 628 origo
453 547 580 632 aelam,
603 554 638 612 ut
659 547 700 612 sit
722 547 842 613 dictum
857 548 994 632 clepere,
1016 546 1101 614 unde
1124 548 1250 631 clepere
1266 548 1296 612 E
1315 568 1360 614 ex
1377 549 1411 614 A

248 652 441 715 commutato
468 653 503 714 ut
530 647 640 714 multa.
684 655 790 734 potest
817 649 871 716 vel
898 669 919 714 a
946 667 1062 731 gracco
1092 647 1211 715 dictum
1238 648 1410 716 κλέπτειν

248 747 391 834 Olepere.
610 803 614 812 .

331 850 428 936 Apud
448 850 597 917 Matium:

400 951 574 1035 Corpora
596 951 804 1018 Graiorum
825 953 1037 1019 maerebar
1057 952 1236 1020 mandicr
1256 953 1359 1038 igni.

247 1053 365 1121 dictum
388 1052 533 1119 Mandier
561 1074 582 1119 a
610 1052 807 1134 mandendo,
836 1052 920 1121 unde
942 1054 1142 1138 Manduceri,
1172 1073 1278 1138 equo
1312 1063 1348 1122 et
1370 1056 1408 1125 in

246 1154 405 1223 Atellanis
427 1155 560 1222 obesum
583 1159 700 1221 vocent
719 1155 921 1222 Manducum.

331 1254 428 1342 Apud
449 1255 594 1322 Matium:

290 1356 488 1426 Obscaeni
509 1357 716 1441 interpres
738 1357 975 1440 funestique
997 1359 1141 1426 ominis
1162 1365 1318 1427 auctor.

248 1459 450 1528 Obseaenum
478 1459 597 1526 dictum
628 1459 671 1525 ab
698 1478 829 1542 scaena;
864 1480 932 1526 eam
963 1469 998 1527 ut
1026 1461 1142 1528 Graeci
1172 1457 1246 1546 [aut]
1276 1462 1406 1529 Accius

248 1562 358 1629 scribit
380 1581 485 1629 scene.
529 1561 562 1627 in
584 1561 729 1647 pluribus
756 1561 864 1627 verbis
886 1563 915 1627 A
937 1568 1012 1628 ante
1034 1563 1061 1627 Ε
1089 1563 1147 1629 alii
1171 1569 1310 1647 ponunt,
1342 1565 1406 1631 elii

94 1678 328 1750 (seruatum,
361 1668 395 1729 ut
425 1662 510 1745 quod
538 1663 654 1748 partim
684 1662 793 1729 dicunt
824 1659 1036 1747 [Scaeprrmm
1062 1661 1192 1748 partim]
1216 1663 1405 1750 sceptrum,

248 1767 305 1833 alii
333 1765 441 1832 Plauti
468 1764 744 1849 Faeneratricem,
776 1765 833 1830 alii
861 1765 1112 1850 Feneratricem
1145 1765 1192 1831 sic
1212 1765 1405 1835 Faenisicia

247 1969 361 2038 foroque
380 1968 545 2038 Scaliger.
565 1967 628 2023 licet
649 1967 787 2038 suspicari
793 1968 884 2037 Atque
902 1967 993 2036 aliquo
1012 1983 1042 2021 se
1059 1966 1099 2020 illi
1117 1967 1151 2021 ab
1169 1968 1252 2022 rebus
1271 1967 1403 2038 clepsere

248 2053 361 2122 foroque
379 2056 418 2120 (se
436 2053 542 2123 clepere
564 2057 605 2107 cst
626 2053 704 2124 apud
720 2052 799 2108 Verr.
818 2057 869 2107 set.
887 2053 960 2107 Men.
981 2056 1030 2106 342
1049 2060 1076 2106 ct
1093 2052 1154 2106 Sen.
1178 2052 1252 2106 Med.
1274 2055 1344 2118 156).
1364 2084 1401 2094 -

250 2143 263 2194 1
283 2138 434 2210 clepessere
451 2138 485 2193 Η.
503 2167 539 2178 -
557 2141 572 2191 2
587 2154 605 2192 a
623 2137 700 2202 clam]
715 2130 794 2207 ‘fort
817 2133 897 2191 clem'
918 2135 989 2205 LSp.
1007 2165 1041 2175 —
1059 2137 1132 2191 unde
1150 2136 1257 2206 clepere
1275 2151 1328 2191 om.
1349 2136 1401 2206 Vp

247 2223 381 2279 Laetus.
408 2254 443 2262 -
469 2223 494 2277 E
512 2239 546 2277 ex
563 2221 589 2275 A
608 2225 780 2286 commutato]
799 2222 879 2290 LSp‚
906 2225 985 2276 etex
1003 2237 1036 2275 ee
1054 2221 1228 2276 commutatio
1245 2219 1335 2274 libri
1354 2225 1402 2286 (ex

248 2343 299 2381 om.
317 2328 344 2395 b,
368 2304 504 2381 commut‘i
521 2330 564 2395 p),
592 2329 620 2380 et
643 2340 677 2378 ex
694 2323 719 2377 Ε
737 2323 763 2377 A
785 2326 949 2379 commutato
972 2323 1058 2391 vulg.
1086 2354 1120 2361 —
1147 2328 1162 2377 3
1180 2337 1277 2392 agreco
1302 2323 1335 2377 F.
1363 2355 1400 2364 -

247 2411 386 2475 κλέπτειν]
405 2410 508 2480 cleptin
525 2410 558 2478 F,
575 2425 704 2480 praecum
722 2409 831 2464 verbum
848 2407 878 2460 in
895 2407 921 2461 H
931 2423 955 2462 a.
975 2438 1005 2448 -
1025 2412 1042 2460 4
1060 2407 1168 2478 clepere
1185 2424 1237 2462 em.
1255 2407 1397 2465 Laetus.

247 2525 281 2535 —
299 2502 314 2549 5
332 2496 457 2559 Matium]
475 2494 611 2563 Marcjum
628 2493 662 2562 H,
681 2493 817 2548 Montium
835 2493 868 2560 G,
886 2492 1003 2547 mucium
1019 2493 1046 2561 b,
1063 2493 1194 2546 Martium
1211 2496 1300 2547 vatem
1318 2494 1352 2546 B.
1363 2526 1399 2534 -

248 2584 264 2635 6
281 2582 404 2636 merebar
421 2581 454 2648 F,
480 2578 600 2633 mirabar
617 2579 644 2646 b,
670 2579 829 2633 maerebant
850 2578 1017 2646 Scaliger,
1042 2579 1182 2633 maerebat
1199 2577 1334 2632 Miller.
1362 2609 1398 2620 -

247 2671 261 2719 1
280 2662 359 2734 ‘fort
378 2664 501 2720 mandier
518 2659 633 2719 dictum'
653 2663 725 2731 LSp.
742 2663 791 2717 scd
808 2663 885 2732 corf.
903 2678 990 2733 supra
1008 2661 1045 2716 ad
1061 2678 1088 2732 p.
1101 2667 1143 2731 45,
1157 2668 1179 2716 5.
1200 2693 1232 2700 -
1251 2678 1268 2717 a
1286 2679 1340 2731 quo
1360 2667 1397 2729 et]

246 2749 319 2819 LSp,
346 2754 374 2805 et
391 2767 408 2805 a
426 2765 479 2818 quo
501 2748 600 2817 libri,
627 2752 655 2803 et
679 2765 731 2802 om.
753 2747 893 2802 Laetus.
915 2741 1278 2818 praeterca'menducerier
1300 2763 1317 2801 a
1341 2765 1397 2816 qno

245 2841 435 2907 proposuerat
450 2834 521 2903 LSp.
548 2863 580 2873 -
608 2836 623 2886 8
642 2833 763 2896 obesum]
781 2831 852 2902 LSp‚
880 2833 915 2886 ed
934 2833 1063 2887 obsenum
1081 2831 1203 2902 FVap,
1227 2832 1263 2885 ad
1281 2831 1397 2888 obscoe-

246 2935 312 2973 num
329 2920 356 2972 H
373 2925 399 2972 ct
416 2934 477 2972 cum
495 2934 510 2972 e
528 2934 585 2988 pro
605 2933 637 2972 oe
656 2917 734 2986 GM,
762 2917 909 2971 obscenum
926 2917 959 2984 b,
986 2915 1129 2970 obsonium
1150 2915 1293 2984 Laetus,
1320 2917 1398 2985 apud

247 3003 400 3057 Dossenum
417 3001 551 3056 Mtlller.
571 3031 603 3040 —
622 3005 637 3054 9
655 3002 785 3057 mentium
805 3001 838 3069 G,
855 3001 989 3056 mareium
1005 3000 1045 3068 M,
1068 3001 1201 3054 marcium
1218 3016 1244 3068 a,
1267 3001 1398 3056 martium

246 3091 335 3142 vetem
353 3087 384 3139 B.
402 3117 437 3124 —
456 3090 487 3138 10
506 3085 618 3140 obsceni
635 3086 667 3139 F.
686 3116 719 3124 -
738 3085 844 3150 ominis]
863 3093 921 3139 orne
940 3085 972 3152 F,
999 3083 1085 3139 omnis
1103 3085 1138 3152 H,
1163 3101 1256 3139 omnes
1274 3086 1396 3155 ceteri,

246 3188 317 3228 corr.
335 3170 420 3239 vulg.
447 3200 480 3208 -
509 3173 537 3222 11
559 3168 704 3224 obscenum
723 3170 754 3223 F.
777 3200 811 3210 —
834 3185 917 3224 scena
934 3169 966 3222 F.
985 3198 1018 3208 -
1042 3185 1101 3224 eam
1118 3174 1150 3224 ut
1167 3169 1266 3225 Graeci
1283 3170 1397 3238 Accius]

1433 868 1449 919 ὅ

1431 1375 1462 1427 10

246 3257 345 3328 scripsi
363 3272 424 3311 cum
443 3254 514 3324 LSp‚
533 3269 566 3308 ea
583 3258 614 3309 ut
631 3255 723 3322 greeci
741 3255 795 3317 (vel
809 3254 892 3323 greci)
911 3257 960 3308 aut
977 3255 1070 3309 accius
1087 3254 1187 3323 libri,
1204 3255 1261 3309 nisi
1276 3257 1351 3325 quod
1368 3262 1398 3313 et
1503 3326 1505 3332 Ι

248 3347 314 3414 (pro
332 3347 374 3407 ea)
392 3340 443 3409 Vp
462 3345 489 3394 ct
505 3338 606 3393 Decius
625 3343 691 3410 (pro
710 3339 813 3404 accius)
831 3338 865 3392 H.
892 3369 926 3378 -
953 3342 985 3392 12
1003 3354 1104 3405 scaena
1121 3340 1145 3393 F
1170 3339 1261 3406 (aliter
1283 3341 1397 3410 Lago-

247 3426 391 3482 marsini
408 3442 454 3496 ep.
472 3422 584 3478 Laclrm.
602 3424 639 3478 ad
655 3423 738 3478 ercr.
751 3443 784 3496 p.
804 3427 872 3491 218),
899 3439 981 3494 scena
1006 3424 1138 3493 GMVp.
1164 3440 1213 3493 ea,
1238 3428 1269 3479 ut
1287 3424 1397 3495 Graeci,

248 3508 344 3585 σκηνή,
362 3515 394 3566 ut
404 3508 506 3564 Accius
525 3508 620 3564 scribit
637 3524 764 3564 scaenam
777 3509 909 3563 Lachm.
928 3509 946 3564 l.
966 3526 989 3564 c.
1007 3506 1086 3580 ‘fort
1104 3525 1213 3578 scaena,
1231 3513 1281 3565 aut
1297 3525 1398 3577 graece

247 3601 280 3652 ut
296 3596 398 3651 Accius
421 3593 530 3661 scribit,
555 3609 638 3649 scena
655 3594 699 3649 eet
720 3609 780 3648 eam
802 3598 833 3648 ut
852 3594 951 3649 Graeci
968 3593 1082 3650 Accius'
1108 3595 1179 3665 LSp.
1203 3595 1337 3665 Apuleius
1361 3595 1397 3650 de

249 3684 368 3750 ortuogr.
387 3697 414 3751 p.
430 3683 478 3734 132
492 3678 553 3733 Os:
572 3679 674 3735 Verum
692 3679 726 3733 de
743 3678 899 3733 huiusmodi
916 3679 1013 3736 scribit
1030 3680 1118 3736 Varro
1137 3680 1274 3735 exstitisse
1291 3679 1397 3735 verium

247 3771 367 3822 veterum
395 3764 563 3836 opinionem,
589 3763 650 3817 aliis
678 3780 760 3819 scene
786 3780 836 3833 per
860 3780 875 3819 e
900 3764 1050 3835 simplicem
1077 3765 1148 3821 sieut
1174 3766 1248 3836 apud
1275 3765 1396 3820 Graecos

248 3851 423 3906 scribendum
441 3848 674 3913 asseverantibus,
693 3848 754 3903 aliis
772 3848 802 3901 in
820 3848 927 3917 signum
943 3850 1131 3918 productionis
1148 3865 1199 3920 per
1216 3865 1249 3904 ae
1267 3865 1327 3905 esse
1344 3866 1396 3905 no-

247 3936 371 4002 tandum,
389 3939 418 3990 et
435 3935 475 3990 sic
492 3935 522 3988 in
540 3933 637 3988 ceteris
649 3933 815 4002 huiusmodi,
833 3935 905 4002 quod
918 3934 997 3990 nobis
1009 3935 1112 3990 rectius
1124 3933 1238 3988 videtur.
1253 3934 1305 3988 eid.
1316 3934 1350 4003 V,
1361 3940 1394 3990 97

247 4037 275 4093 p.
294 4023 338 4088 40,
355 4023 379 4073 6.
400 4049 430 4059 -
456 4021 487 4075 13
506 4021 662 4089 scaeptrum
678 4016 787 4087 partim]
806 4018 885 4072 addit
900 4020 933 4087 B,
952 4026 1103 4090 sceptrum,
1120 4018 1221 4087 partim
1239 4024 1396 4088 sceeptrum

247 4120 384 4174 Laetus.
411 4150 445 4160 -
473 4126 505 4175 14
522 4120 614 4176 Pleuti
631 4135 683 4175 om.
702 4119 839 4174 Laetus.
858 4153 893 4160 —
910 4101 1101 4178 fineretricem
1122 4117 1154 4184 F,
1178 4120 1262 4172 ceteri
1278 4136 1311 4175 ae
1327 4123 1395 4176 scri-

247 4223 321 4278 bunt.
338 4251 371 4261 -
389 4199 579 4278 fineretricem
597 4224 629 4292 F,
646 4222 730 4278 ceteri
748 4237 793 4290 oe,
817 4237 888 4278 corr.
907 4223 1043 4279 Laetus.
1068 4220 1116 4276 alii
1133 4218 1212 4274 fenus
1230 4220 1277 4275 alii
1295 4221 1394 4279 foenus
