3038 5048
239 325 300 386 262
569 325 683 381 LIBER
700 324 872 382 DECIMUS.
909 328 1054 392 §rs-82.

240 496 409 565 suetudine
441 496 474 562 in
507 496 557 563 his
590 495 699 563 verbis
732 496 834 565 omnis
867 495 984 581 partis,
1019 502 1053 563 ut
1081 493 1279 563 declinatum
1309 495 1397 562 Amo

238 597 333 682 Vivo,
357 597 455 664 Amor
476 596 583 665 Vivor.

133 701 217 781 §79
326 703 354 766 5.
391 697 476 778 Quid
498 697 660 767 uideretur
681 698 831 782 analogia
858 699 891 764 in
914 698 1057 766 oratione
1085 704 1117 765 ct
1144 715 1225 780 quas
1254 697 1395 765 haberet

239 800 363 885 species
392 808 424 866 et
453 817 537 883 quae
565 799 607 867 de
636 802 686 868 his
714 799 879 886 sequenda
907 798 1086 884 videretur,
1119 804 1155 866 ut
1183 799 1277 867 brevi
1299 801 1394 884 potui

239 901 424 985 informavi,
457 922 542 968 nunc
570 903 604 969 in
634 902 748 988 quibus
776 922 840 968 ncn
871 898 988 967 debeat
1017 920 1089 967 esse
1119 919 1159 967 ac
1186 900 1322 986 proinde
1354 912 1429 967 acu

240 1001 359 1069 debeat
380 1003 484 1070 soleat
506 1003 633 1087 quaeri,
667 1003 781 1070 dicam.
826 1002 875 1069 Ea
896 1001 963 1070 fere
984 1007 1058 1068 sunt
1080 1006 1231 1085 quattuor
1251 1021 1391 1086 genera,

91 1103 376 1188 usosauprimum
404 1103 437 1168 in
464 1103 498 1169 id
523 1125 624 1188 genus
652 1105 760 1172 verbis
789 1123 872 1185 quae
900 1123 963 1170 non
990 1103 1202 1187 declinantur,
1236 1103 1393 1186 analogia

132 1205 152 1284 ἓ
174 1205 215 1270 80
237 1225 301 1272 non
323 1202 421 1271 debet
443 1206 563 1292 quaeri,
586 1213 621 1274 ut
642 1206 676 1273 in
698 1205 748 1270 his
769 1206 918 1286 Nequam
931 1204 1007 1270 Mox
1023 1204 1094 1271 Vix.
1138 1206 1190 1272 De
1210 1203 1261 1271 his
1285 1203 1392 1288 magis

239 1305 273 1372 in
295 1306 360 1372 alio
383 1326 479 1390 quam
508 1306 542 1372 in
569 1309 633 1373 alio
660 1312 782 1373 erratur
804 1305 919 1387 verb03
954 1303 1033 1369 dant
1061 1295 1146 1370 enim
1174 1325 1239 1372 non
1267 1305 1392 1372 habere

240 1426 333 1475 casus
355 1408 432 1474 Mox
454 1412 486 1474 et
507 1409 586 1493 Vix,
619 1408 766 1490 Nequam
796 1405 931 1491 habere,
966 1405 1052 1487 quod
1081 1404 1225 1472 dicamus
1246 1404 1301 1471 hic
1322 1405 1387 1470 Ne·
1414 1416 1440 1470 tc

240 1528 336 1593 quam
359 1512 391 1576 et
411 1507 505 1575 huius
527 1509 673 1593 Nequam
696 1515 729 1576 et
750 1507 824 1575 huic
845 1507 1007 1591 Nequam,
1042 1527 1113 1573 cum
1141 1505 1226 1572 enim
1249 1504 1389 1574 dicimus

240 1608 293 1676 hic
325 1609 472 1693 Nequam
508 1615 541 1675 ct
575 1609 669 1676 huius
704 1609 869 1694 Nequam,
905 1615 973 1674 tum
1001 1606 1138 1674 hominis
1166 1607 1254 1690 eius,
1292 1625 1390 1689 quem

241 1712 387 1791 vellamus
416 1709 585 1778 ostendere
614 1729 685 1777 esse
712 1730 865 1794 nequam,
899 1707 1035 1776 dicimus
1066 1727 1176 1792 casus,
1208 1708 1293 1775 etei
1315 1729 1388 1792 pro·

134 1811 214 1891 §81
240 1800 386 1896 ponimus
419 1819 485 1879 tum
516 1811 579 1879 Hic
612 1808 712 1898 [non],
747 1812 836 1878 cuius
868 1817 1016 1895 putamus
1049 1809 1234 1892 nequitiam.
1294 1808 1389 1889 Quod

240 1912 431 1979 vocabulum
459 1914 577 1979 factum
605 1919 641 1980 ut
670 1932 712 1978 ex
739 1914 812 1980 Non
841 1916 873 1980 et
893 1913 975 2000 111119
997 1911 1097 2001 Nolo,
1131 1911 1178 1978 sic
1205 1930 1247 1976 ex
1275 1911 1328 1978 Ne
1358 1915 1391 1977 et
1411 1920 1438 1972 11

240 2012 417 2096 Quicquam
447 2013 523 2082 item
554 2014 663 2082 media
688 2015 804 2081 extrita
832 2012 961 2098 syllaba
989 2017 1135 2079 coactum
1158 2016 1206 2079 est
1227 2011 1388 2094 Nequam.

89 2115 352 2198 domiciliaque
381 2120 416 2184 ut
444 2136 515 2184 eum
546 2138 641 2201 quem
668 2123 815 2201 putamus
845 2134 917 2181 esse
944 2134 1006 2182 non
1032 2113 1092 2180 hili
1119 2112 1252 2179 dicimus
1274 2113 1389 2196 Nihili,

132 2216 150 2293 ἐ
175 2215 215 2280 82
239 2217 341 2285 sicin
363 2237 425 2300 quo
448 2226 596 2303 putamus
620 2237 690 2284 esse
712 2216 954 2299 nequicquam,
977 2214 1113 2282 dicimus
1127 2216 1284 2298 Nequam.
1330 2213 1389 2281 Se-

241 2318 345 2387 cundo
377 2319 406 2385 si
437 2340 535 2386 unum
567 2321 671 2387 solum
705 2319 824 2384 habent
856 2336 965 2384 casum
1000 2316 1033 2382 in
1066 2336 1163 2400 voce,
1200 2313 1287 2400 quod
1323 2336 1389 2383 non

241 2420 432 2506 declinetur,
466 2427 501 2488 ut
529 2420 655 2488 litterae
678 2438 798 2487 omnes.
842 2419 951 2485 Tertio
974 2416 1002 2482 si
1025 2417 1196 2500 singularis
1219 2423 1268 2484 est
1290 2435 1388 2485 voca·
1411 2430 1439 2481 uu

241 2522 308 2589 buli
336 2522 435 2589 series
462 2541 566 2604 neque
595 2520 694 2589 habet
722 2541 794 2588 curn
825 2538 888 2602 qua
909 2517 1087 2604 comparari
1108 2517 1224 2603 possit,
1257 2523 1293 2584 ut
1316 2537 1389 2584 esse

240 2629 353 2707 putant
375 2623 478 2706 Caput
500 2623 606 2707 Oapiti
628 2621 750 2707 Oapitis
772 2621 896 2706 Capite.
940 2619 1094 2700 Quartum
1116 2618 1144 2686 si
1167 2639 1206 2687 ea
1227 2619 1390 2687 uocabula

326 2838 358 2893 F.
376 2839 423 2895 fol.
443 2840 503 2894 341)
521 2842 549 2894 ot
565 2838 648 2893 huius
664 2853 781 2907 nequam

327 3061 339 3110 1
358 3061 429 3120 amo]
447 3057 588 3124 Laetus,
610 3058 708 3113 amabo
725 3056 762 3124 F,
788 3057 867 3113 ambo
889 3056 924 3110 H.
950 3053 1029 3127 ‘fort
1047 3054 1135 3124 partis
1152 3054 1339 3110 declinatuum
1356 3060 1390 3111 ut

238 3139 274 3196 ab
296 3154 357 3196 arno
375 3154 451 3196 umor
468 3139 529 3197 rivo
546 3136 632 3197 uror’
652 3141 723 3210 usp.
751 3171 785 3180 -
812 3144 827 3194 2
845 3140 905 3196 vivo
924 3154 1000 3195 umor
1016 3139 1100 3218 river]
1122 3138 1185 3195 iuro
1209 3154 1287 3194 amor
1307 3139 1388 3196 iuror

239 3243 271 3313 pu
288 3241 421 3297 Laetus.
448 3272 482 3280 -
508 3234 619 3311 4‘fort.
638 3238 807 3297 viderentnr'
827 3240 898 3309 LSp.
917 3269 951 3279 —
968 3221 1049 3308 potuit
1065 3239 1228 3295 informauit
1244 3239 1278 3308 F,
1295 3240 1389 3308 potuit

238 3326 399 3383 informauit
422 3325 548 3394 ccteri,
575 3341 648 3380 corr.
666 3325 805 3381 Laetus.
824 3323 1009 3380 desertando
1030 3324 1122 3394 potuit
1143 3325 1248 3395 copitar
1265 3324 1386 3380 (iroth.

241 3443 274 3452 -
291 3409 369 3482 ‘fort
387 3414 419 3467 ut
435 3411 514 3479 potui
531 3409 614 3478 brevi,
633 3409 709 3478 cous.
727 3410 767 3464 IX
784 3411 800 3478 ξ
820 3404 882 3465 113)
901 3409 972 3477 LSp.
990 3439 1023 3448 -
1042 3412 1058 3462 6
1076 3409 1154 3478 queri
1171 3409 1204 3463 F.
1222 3438 1257 3449 -
1275 3413 1290 3463 8
1308 3409 1387 3478 queri

239 3496 272 3552 F.
300 3527 333 3536 —-
359 3512 423 3551 mox
439 3495 493 3561 rix]
517 3493 626 3564 reliqua
649 3493 748 3549 desunt
764 3495 792 3548 iu
810 3494 843 3550 V.
870 3521 905 3533 —
931 3494 1040 3558 9dant]
1065 3493 1162 3548 dicunt
1185 3493 1324 3548 Laetus.
1352 3523 1387 3534 -

241 3585 273 3635 12
291 3582 378 3650 quem]
397 3595 467 3648 quae
483 3579 507 3633 F
525 3578 641 3644 (Groth).
659 3608 692 3618 -
712 3582 742 3634 13
761 3578 955 3648 praeponimus
974 3577 1033 3632 GH
1044 3592 1069 3633 a.
1094 3607 1129 3616 —
1154 3581 1187 3632 14
1203 3582 1269 3643 non]
1287 3592 1387 3633 nomen

239 3664 438 3734 Scioppius,
452 3657 551 3718 ‘voluit
566 3658 725 3732 pronomon’
746 3662 817 3732 LSp,
836 3661 888 3716 del.
907 3661 978 3731 LSp.
997 3661 1068 3715 tuac
1085 3678 1176 3717 uocem
1193 3661 1232 3716 ad
1246 3678 1274 3730 p.
1289 3664 1347 3729 263,
1362 3667 1386 3729 1,

239 3748 287 3804 ubi
305 3749 380 3803 deest
396 3763 452 3803 non
462 3747 601 3818 pertinere
619 3748 728 3820 opinor.
745 3778 779 3786 -
799 3751 829 3801 15
844 3745 949 3800 Gellius
962 3745 1023 3814 VII,
1037 3749 1083 3801 11:
1098 3739 1150 3801 ‘M.
1162 3745 1252 3801 Varro
1268 3745 1299 3800 in
1314 3745 1385 3801 libro

241 3835 276 3890 de
292 3834 386 3902 lingua
403 3830 503 3888 latina:
531 3834 562 3886 ut
580 3847 615 3885 ex
631 3845 696 3886 non
714 3834 741 3885 et
758 3831 852 3899 uolo,
878 3829 980 3898 inquit,
1007 3829 1086 3885 nolo
1108 3829 1154 3899 fit,
1181 3831 1221 3886 sic
1244 3847 1278 3886 ex
1299 3834 1387 3886 nect

240 3919 421 3988 quicquam
446 3916 536 3970 media
562 3914 667 3984 syllaba
691 3914 792 3970 extrita
818 3914 991 3983 componitur
1016 3910 1179 3983 nequam?
1209 3944 1243 3954 -
1269 3908 1387 3970 ‘factum

226 4049 229 4056 .
238 4003 308 4071 fort.
327 4001 381 4058 del.
397 4000 441 4057 vel
455 4004 487 4056 nt
504 3999 607 4054 factum
625 3991 870 4070 transponendum'
894 3998 965 4067 usp.
993 4028 1026 4037 —-
1052 3998 1102 4063 sic]
1125 3998 1158 4054 fit
1181 3999 1221 4054 sic
1240 3998 1386 4055 Gellius.

241 4115 275 4126 -
294 4092 325 4140 11
344 4085 459 4140 dicimus
483 4083 570 4140 anhili
593 4083 653 4154 Fp,
679 4084 802 4138 dicamus
824 4082 894 4137 nihil
915 4082 950 4136 Η.
976 4112 1009 4123 -
1037 4087 1069 4137 18
1086 4084 1267 4152 nequicquam
1290 4083 1323 4138 F.
1347 4083 1386 4153 cf.

240 4169 426 4225 Woelfflin
449 4170 533 4224 Arch.
557 4167 577 4223 f.
600 4168 668 4224 Lex.
691 4167 718 4222 11
738 4183 765 4238 p.
791 4173 806 4222 5
828 4173 856 4222 et
877 4171 917 4222 89.
944 4195 979 4208 -
1004 4170 1036 4220 20
1055 4166 1225 4221 declinentur
1247 4166 1385 4223 Laetus.

239 4247 317 4324 ‘fort
336 4247 519 4308 declinantur’
540 4252 611 4322 LSp,
627 4251 693 4308 item
710 4251 739 4306 0.
758 4251 790 4306 F.
809 4252 853 4308 W.
872 4251 997 4306 Mulier
1013 4266 1040 4319 p.
1060 4255 1117 4305 811.
