3038 5048
673 272 832 330 IiceodB.
1002 322 1004 326 .
1248 287 1330 328 xxva

182 469 238 510 non
264 449 430 521 eoaalar.*)
474 447 529 511 Vll.
562 449 619 507 107
648 447 681 504 in
706 447 771 504 dolo
799 463 832 504 cx
858 446 946 503 Nonio
973 448 1091 506 corrant
1115 448 1149 504 ia
1173 445 1328 506 Delomla

182 537 215 602 V,
241 539 299 596 145
323 539 484 608 corruptum
503 530 609 588 locum:
640 532 673 587 in
701 531 804 604 oppida
831 531 887 588 aiei
907 547 935 591 :a
962 532 1027 598 eia,
1049 533 1124 606 guod
1150 532 1329 604 asemper·

180 628 265 696 peste
283 620 349 676 eiae
370 623 437 674 eant
458 616 603 690 aedilem,
636 616 742 689 egregie
762 615 838 689 paon
858 629 894 672 ea
914 621 1035 689 araque
1059 623 1143 689 parte
1167 615 1329 675 emendavit,

182 706 238 771 Vll,
254 704 293 764 50
309 703 407 759 haelias
431 700 583 778 Turpiliae,
605 699 711 758 cadmea
732 701 847 774 opillus,
869 701 892 758 ll⁴
910 709 984 758 recte
1002 693 1129 774 Opilius.

269 787 328 845 Alie
347 795 421 852 sunt,
443 785 542 861 quihus
562 785 620 860 ipse
634 784 742 860 quidem
756 801 813 843 non
826 793 902 843 recte
915 801 1024 843 menum
1044 785 1171 851 admovit,
1192 786 1241 844 sed
1261 801 1330 861 quae

183 883 216 932 ιιι
236 871 386 930 accuratim
406 870 606 937 examinentur,
638 877 767 936 monent,
799 869 873 944 quod
900 878 933 927 ut
959 869 1005 928 fiet
1032 886 1083 928 nos
1110 869 1216 937 innan
1249 870 1330 929 huius

183 957 289 1032 generis
310 955 459 1031 exemplum
480 961 521 1013 est
540 955 584 1019 IX,
607 956 664 1014 23:

270 1055 343 1115 paee
370 1041 444 1098 enin
470 1048 512 1098 eet
534 1055 608 1113 pare
634 1040 748 1105 nandi,
786 1054 862 1112 paee
888 1055 947 1096 non
973 1039 1197 1098 enneacrunos
1224 1037 1329 1096 haheat

185 1127 356 1198 anahgiae?
388 1125 496 1183 coelam
524 1140 564 1182 an
589 1140 670 1182 enare
699 1140 739 1182 an
766 1131 845 1181 lerna
865 1125 991 1198 quaein
1011 1124 1077 1211 W
1109 1125 1157 1183 uhi
1177 1140 1239 1181 oum
1259 1123 1330 1181 inim

184 1212 226 1276 ιιι,
250 1212 289 1271 28
312 1227 372 1268 eves
400 1226 469 1285 quae
495 1210 524 1266 in
550 1225 612 1267 ecre
637 1219 702 1266 sunt
721 1215 905 1266 memorentur
925 1217 954 1266 et
978 1209 1037 1284 ipse
1058 1209 1142 1269 dini:
1175 1226 1215 1267 an
1244 1210 1330 1266 aliter

181 1295 235 1353 hoc
255 1297 286 1370 fit
306 1309 391 1368 qaam
411 1296 443 1352 in
465 1310 532 1351 aere
553 1294 585 1350 in
606 1295 704 1368 apua?
724 1302 804 1352 acute
830 1302 895 1369 post
915 1302 994 1352 terra
1015 1295 1035 1352 B
1054 1294 1149 1352 inserit
1168 1311 1209 1351 an
1229 1311 1281 1351 aer
1302 1301 1329 1351 el

182 1388 286 1445 cetera,
315 1395 385 1455 qnae
413 1378 490 1437 leode
517 1379 677 1437 intercidere
704 1387 845 1453 poterent,
878 1378 926 1438 sed
950 1378 1015 1438 illud
1044 1387 1139 1437 cetera
1166 1379 1208 1437 his
1236 1387 1330 1455 epium

181 1482 238 1524 non
259 1473 316 1531 est;
349 1463 552 1538 distinguuntur
579 1464 687 1522 enimn
714 1464 808 1522 mundi
831 1465 952 1538 peribus
979 1481 1011 1522 eu
1038 1482 1107 1540 quae
1133 1465 1162 1522 in
1189 1463 1230 1522 his
1253 1472 1328 1530 sunt,

181 1551 272 1625 itaque
291 1565 351 1607 non
371 1557 446 1606 recte
467 1556 561 1606 encra
583 1549 681 1607 dicitur·
701 1565 751 1624 pro
774 1556 801 1608 el
822 1565 858 1606 ea
878 1549 920 1607 vel
942 1556 969 1607 et
990 1564 1072 1623 qaae.
1100 1558 1239 1625 praeterea
1260 1548 1329 1607 inire

180 1637 200 1708 d
221 1636 262 1695 26
283 1641 348 1710 post
367 1635 471 1710 scripsi
490 1633 614 1691 lucanam
634 1634 758 1692 indicavit
778 1633 933 1709 Scioppius,
966 1633 1038 1692 haud
1063 1634 1144 1693 duhie
1164 1633 1239 1710 quod
1260 1649 1330 1709 queo

181 1727 333 1796 sequuntur
353 1735 410 1776 non
431 1727 531 1777 mrtem
551 1719 645 1793 ipsam,
667 1727 698 1776 ut
718 1719 857 1794 superiore
876 1718 981 1779 caelum
993 1728 1022 1779 el
1035 1737 1117 1786 more,
1139 1719 1188 1778 sed
1208 1735 1239 1777 ee
1260 1735 1330 1794 quea

181 1806 210 1862 iu
231 1805 280 1864 hac
300 1811 366 1862 eunt
386 1810 560 1878 exponerent,
582 1811 615 1860 ut
636 1803 731 1862 deinde
752 1820 821 1878 qaae
842 1804 870 1860 in
891 1821 962 1869 aere,
984 1805 1012 1861 in
1033 1821 1102 1880 equa
1122 1806 1250 1863 existunt.
1271 1811 1331 1860 tuni

181 1906 247 1949 veno
268 1906 324 1948 non
345 1889 480 1954 convenit,
502 1888 578 1963 quod
598 1888 688 1946 denuo
709 1889 827 1963 quaein
848 1897 919 1947 aare
938 1897 1004 1946 sunt
1024 1889 1146 1948 animalia
1166 1905 1329 1965 comperen-

181 1983 241 2042 tur;
264 1974 356 2048 itaque
377 1973 515 2031 irnchnam
536 1988 643 2046 genere,
665 1972 784 2039 flumina,
807 1983 912 2031 montes
932 1981 1031 2032 ιιιιιιιι
1051 1975 1134 2049 ipsam
1155 1975 1289 2039 indicent,
1312 1989 1328 2029 a

180 2058 282 2134 quihus
302 2057 440 2116 terranis
460 2056 581 2115 animalia
601 2066 768 2132 separentur,
790 2065 822 2114 ut
841 2059 932 2134 potins
954 2059 973 2132 ξ
996 2060 1035 2118 27
1058 2067 1122 2133 post
1142 2059 1223 2117 verbe
1244 2059 1329 2116 halet

182 2145 253 2202 Aeia
273 2150 302 2201 el
320 2141 391 2200 aeris
410 2142 576 2200 mentionem
596 2150 624 2200 et
644 2159 828 2216 eorumquae
848 2144 877 2199 in
898 2141 972 2201 caelo
993 2151 1059 2201 sunt
1078 2144 1243 2202 intercidisse
1258 2159 1330 2202 con·

182 2229 254 2285 icien
282 2235 311 2285 at
337 2226 401 2284 nihil
429 2227 611 2293 desideretur,
644 2228 716 2302 quod
739 2234 812 2285 recte
832 2226 884 2284 iem
905 2226 1000 2286 iliiller
1026 2228 1054 2284 in
1076 2229 1192 2286 addend.
1213 2245 1241 2303 p.
1266 2230 1326 2288 805

182 2312 303 2380 monuit;
334 2311 453 2377 melum,
474 2327 564 2376 mere,
587 2318 659 2371 terra
679 2320 875 2377 memorantur,
899 2319 958 2370 tum
977 2312 1099 2368 animalia
1120 2329 1190 2387 quae
1209 2313 1240 2368 in
1259 2329 1329 2379 aere,

181 2415 261 2473 aqua,
283 2404 355 2457 terre
376 2405 449 2459 eunt
471 2396 500 2455 h.
522 2413 546 2454 e
568 2391 664 2476 αἰθὴρ
687 2405 715 2455 ct
735 2391 796 2477 ἀὴρ
818 2396 868 2453 hec
888 2397 916 2454 in
939 2413 1018 2454 censa
1039 2412 1096 2453 non
1118 2397 1331 2471 distinguuntur·

182 2482 267 2541 nihilo
283 2483 372 2539 minus
393 2481 502 2539 haereas
525 2483 552 2538 in
573 2481 663 2540 verbis
683 2497 756 2556 qaae
773 2484 805 2541 in
822 2481 876 2548 llis,
898 2490 991 2540 atrurn
1011 2480 1146 2539 sufficient
1167 2497 1267 2548 neene;
1291 2497 1331 2538 an

181 2583 256 2640 paee
275 2566 363 2625 voluit
382 2565 491 2632 iiiiller,
514 2581 640 2640 paneam
662 2583 713 2642 ego
734 2567 852 2632 conieci,
874 2565 949 2642 quod
969 2583 1035 2624 num
1054 2567 1173 2624 auctoris
1194 2582 1261 2624 usus
1281 2566 1331 2624 ad·

182 2653 286 2717 mittet,
315 2650 468 2726 qmeritur3
500 2659 569 2726 puto
597 2659 722 2710 nonaum
748 2650 861 2726 flagitari
882 2659 910 2710 et
930 2652 1005 2726 quod
1032 2651 1094 2710 lihri
1115 2650 1240 2710 exhibent
1260 2669 1330 2727 pro-

182 2736 247 2795 bum
268 2752 336 2794 esee.

267 2820 368 2895 ingenii
394 2828 423 2879 et
448 2820 561 2894 insignia
589 2820 724 2880 doctrinae
750 2820 901 2896 exemplum
922 2820 953 2887 V,
977 2825 1016 2881 74
1038 2821 1187 2880 invenimus
1215 2821 1248 2881 de
1276 2823 1330 2880 nris

182 2905 250 2964 ‘l'etii
269 2905 341 2979 regis
361 2913 425 2963 voto
446 2905 546 2963 Romae
568 2906 708 2964 dedicatis:

266 3007 333 3050 nane
360 2997 391 3046 el
418 2991 539 3048 annalee
566 2991 676 3055 dienen
705 2991 782 3048 eooit
804 2987 861 3064 Opi
883 2990 986 3048 Florae
1012 2989 1125 3049 Vedioei
1149 2989 1328 3066 Salaenopne

181 3074 244 3134 Soli
262 3075 359 3133 danae
379 3074 503 3135 Volcano
518 3083 546 3132 el
562 3074 714 3133 Saramene
735 3076 854 3148 itemque
875 3075 1029 3133 Larundae
1053 3077 1182 3134 Tennino
1207 3075 1328 3144 Quirino

187 3160 335 3220 Vastauna
357 3159 480 3217 Lamiae
501 3159 615 3217 manae
635 3160 824 3233 Lucinaeque.

267 3244 314 3302 ubi
335 3252 471 3319 postrema
490 3244 572 3301 verba
592 3245 621 3301 in
641 3245 662 3302 B
684 3254 749 3303 sunt
769 3245 882 3302 manae
904 3243 1120 3320 claennaepae.
1145 3245 1239 3302 mnam
1260 3243 1330 3301 heac

188 3328 263 3387 dcem
278 3329 373 3387 Dianae
387 3328 575 3386 adhaerentem
593 3337 626 3386 ut
638 3329 687 3387 elia
708 3329 793 3388 multa
813 3330 892 3386 enimi
913 3346 992 3388 censa
1012 3347 1045 3389 ex
1065 3331 1173 3405 ingenio
1195 3337 1329 3403 sumptam

184 3430 244 3471 esse
265 3414 366 3478 censui,
390 3429 439 3471 neo
459 3413 487 3470 in
510 3415 637 3489 Dionysio
651 3415 683 3479 ιι,
703 3417 751 3480 50,
773 3415 821 3490 qui
842 3415 954 3473 eandem
975 3432 1033 3473 rem
1054 3423 1160 3480 tractet,
1184 3413 1329 3488 quidquam

184 3497 310 3556 traditum
332 3505 387 3563 ιιις
419 3507 513 3573 postea
534 3515 599 3557 vero
620 3499 677 3556 eius
699 3500 829 3574 originem
849 3499 878 3556 in
899 3500 1042 3575 Augustini
1068 3499 1138 3558 libro
1167 3498 1329 3555 decivitate

184 3583 226 3640 dei
241 3581 284 3648 lv,
301 3582 340 3641 23
363 3583 544 3658 repperimus:
566 3591 599 3640 at
619 3585 688 3657 qaid
712 3584 789 3642 litae
813 3585 912 3641 Tatiae
934 3586 1044 3642 addida
1064 3584 1219 3643 Salarama
1242 3580 1330 3656 θριιι

183 3667 277 3726 Soleae
298 3665 408 3724 Lanam
434 3666 587 3726 Volcanum
608 3668 711 3726 moene
737 3676 764 3726 el
791 3684 968 3743 pacemque
995 3671 1070 3728 alios
1097 3667 1221 3733 addidit,
1254 3667 1330 3724 inter

185 3769 254 3827 paee
275 3752 359 3832 etiam
380 3751 462 3809 dcam
485 3750 649 3811 Cloacinam
670 3753 818 3811 Felicitate
839 3755 988 3826 neglecta?
1009 3753 1191 3828 Augustinum
1213 3769 1245 3810 ex
1258 3751 1328 3810 Var-

251 3980 433 4048 ‘iReeentior
449 3997 513 4051 ergo
528 3989 571 4037 est
586 3985 690 4038 criticus
706 3987 794 4038 nasta
810 3985 917 4052 repertis
933 3985 986 4038 illis
998 3983 1156 4040 Kelenderiis
1173 4002 1239 4054 quae
1256 4001 1330 4040 secu·

184 4056 227 4105 tna
243 4054 298 4114 eat;
317 4055 430 4105 celerum
447 4055 575 4116 nolam,
592 4052 662 4120 qnod
679 4053 729 4106 inm
747 4053 907 4120 Augustinus
924 4052 1056 4120 probavit,
1073 4051 1165 4106 lluller
1182 4055 1237 4108 iure
1253 4069 1329 4123 repu-

184 4118 363 4256 gisnriittffiog·
379 4120 448 4173 enim
466 4118 595 4187 quomodo
617 4119 656 4174 illi
677 4120 733 4174 dies
751 4125 884 4186 notentur,
911 4119 957 4174 sed
973 4119 1103 4187 quomodo
1119 4128 1259 4189 vocentur,
1285 4136 1329 4175 ex-
