3038 5048
557 265 596 322 De
612 269 672 322 Ant
690 268 827 337 Augustini
844 267 964 323 editione.
1279 285 1338 325 urar

183 439 262 518 qnod
282 441 383 498 interea
405 439 635 515 Ant-Augustini
664 442 814 516 exemplum
836 442 937 501 llllllll
957 443 999 502 vel
1021 442 1064 501 vll
1092 441 1259 519 publicatum
1284 461 1336 505 ao-.

182 525 265 602 oepit,
288 542 343 601 quo
364 526 487 601 inspecto
502 526 559 584 otio
573 523 687 600 amplius
701 524 777 584 abuti
789 526 891 594 noluit;
915 529 1143 605 uunquamcninr
1164 529 1228 587 huic
1248 529 1336 589 codici

181 626 295 688 operam
317 610 449 678 dedisset,
472 611 495 668 si
516 620 594 669 antea
617 609 741 684 vulgatae
761 627 794 669 eo
816 612 892 670 tonte
912 612 1016 671 innixae
1037 615 1160 671 notitiam
1180 612 1332 681 habuissem

182 697 277 771 itaque
297 693 343 753 illo
366 705 489 771 tempore
516 696 586 753 hano
614 711 724 770 operam
750 696 914 770 impendisse
942 697 1055 756 ridetur.
1098 697 1154 756 Nec
1173 700 1271 759 mirum
1293 708 1335 757 est

182 781 332 838 Victoriam
353 781 405 837 iam
426 782 560 839 seniorem
580 781 669 838 denuo
691 797 742 854 pro
763 781 890 839 Varronis
910 779 985 840 libris
1005 782 1079 840 hunc
1098 782 1218 841 lahorem
1238 800 1336 842 strsce·

181 866 271 944 pisse,
295 873 400 922 mnium
422 864 510 924 differt
530 866 564 924 ab
586 865 615 931 ll,
642 873 696 922 tam
717 867 838 940 speciosa
859 874 887 924 et
907 866 1045 942 splendida
1065 866 1185 942 praebet,
1207 875 1239 925 ut
1257 867 1336 926 iacile

183 967 248 1010 eum
269 949 386 1009 llediceo
408 951 575 1026 superiorem
597 967 656 1008 esse
677 951 803 1008 conicias.
846 951 896 1008 Vix
917 952 1008 1010 credas
1037 961 1168 1028 quantum
1194 951 1241 1009 ille
1266 951 1334 1011 liber

183 1035 259 1094 docti
286 1035 424 1093 cuiusdam
451 1036 508 1094 ltali
536 1052 645 1093 manum
673 1035 878 1094 emendatricem
904 1054 1049 1112 perpessus
1070 1036 1117 1104 sit;
1154 1037 1244 1095 omnia
1264 1037 1335 1096 enim

183 1136 254 1196 quae
269 1137 283 1177 a
299 1119 401 1195 vulgari
422 1121 530 1195 linguae
549 1121 647 1178 latinae
668 1138 720 1178 usu
741 1122 880 1187 recedunt,
903 1123 1021 1196 quaein
1043 1121 1251 1180 Varrouesunt
1270 1121 1335 1197 plu·

184 1205 261 1271 rima,
283 1205 457 1263 audacissime
478 1207 600 1272 removit,
624 1207 760 1280 corruptis
774 1206 862 1264 verbis
877 1205 978 1280 ubique
999 1223 1109 1264 sensum
1130 1206 1177 1281 qui
1197 1206 1270 1264 lmud
1289 1208 1336 1265 in·

184 1290 344 1348 commodus
372 1299 442 1349 esset
471 1307 502 1347 er
531 1291 639 1365 iugenio
667 1290 758 1347 intulit
784 1289 926 1364 effecitque
953 1299 985 1348 ut
1013 1291 1138 1366 antiquus
1159 1299 1189 1348 et
1209 1291 1335 1351 horridus

184 1374 317 1434 Varronis.
335 1392 424 1433 sermo
446 1384 535 1441 tersus
557 1383 584 1432 et
604 1373 712 1449 elegans
734 1375 807 1432 omni
827 1390 921 1432 carens
942 1374 1100 1433 difficultate
1118 1392 1176 1433 esse
1190 1376 1336 1445 videretur,

185 1457 397 1527 antefactum,
420 1468 451 1517 nt
472 1461 496 1516 is
519 1460 626 1518 criticus
647 1460 692 1516 cui
713 1459 786 1516 nulla
807 1459 877 1518 inest
898 1461 1043 1526 autoritas,
1071 1459 1144 1518 nulla
1166 1460 1247 1528 tides,
1270 1465 1336 1522 Aut.

185 1545 369 1618 Augustinum
400 1543 523 1610 falleret,
560 1544 607 1619 qni
638 1543 782 1602 editionem
814 1544 939 1602 omnihus
966 1545 1000 1602 ad
1027 1553 1146 1602 nostram
1174 1562 1262 1622 usque
1288 1564 1337 1606 ae·

184 1635 269 1686 tatem
288 1628 429 1703 probatam
450 1638 568 1687 curaret.
612 1628 692 1686 Aliud
717 1629 797 1686 huius
826 1629 925 1686 codicis
945 1630 1087 1704 vestigium
1107 1629 1211 1687 nullum
1231 1631 1338 1691 inveni-

184 1728 263 1779 mus,
296 1713 412 1771 fortasse
438 1715 465 1771 in
495 1713 599 1771 schedis
621 1715 685 1770 Aut.
708 1715 853 1787 Augustini
874 1715 984 1788 Neapoli
1010 1715 1122 1772 servatis
1148 1715 1223 1773 latet.
1235 1715 1258 1791 ¹)
1299 1717 1338 1775 lin

185 1799 293 1872 integra
317 1799 443 1856 varietate
471 1800 498 1856 in
526 1800 645 1873 priorem
673 1806 794 1856 nostram
822 1799 966 1857 editionem
995 1798 1091 1858 collata
1117 1799 1146 1857 in
1173 1799 1243 1858 hano
1268 1818 1338 1877 quae

185 1882 294 1942 maioris
323 1893 388 1941 sunt
415 1884 521 1958 generis
544 1882 743 1949 transtulimus,
777 1892 808 1941 ut
830 1892 857 1941 et
879 1885 1040 1943 correctoris
1062 1884 1169 1944 audacia
1191 1893 1272 1960 atque
1293 1896 1338 1946 te-

185 1968 309 2035 meritas,
339 1969 403 2026 item
426 1969 549 2027 doctrina
569 1978 597 2026 et
616 1968 752 2042 ingenium
773 1967 993 2044 intellegeretur,
1021 1969 1124 2045 reliqna
1146 1987 1180 2027 ne
1201 1971 1338 2045 superflua

185 2051 304 2111 animum
326 2053 523 2112 confunderent
544 2070 612 2111 neve
633 2052 694 2109 libri
718 2052 864 2127 amplitudo
891 2054 993 2112 frustra
1020 2063 1166 2129 augeretur
1192 2057 1337 2124 omisimus,

187 2154 268 2214 quae,
289 2139 312 2196 si
334 2139 394 2214 quis
417 2139 539 2196 curiosus
560 2139 604 2205 sit,
627 2154 690 2195 cum
711 2137 768 2194 aliis
789 2138 827 2195 ibi
847 2138 988 2213 diligenter
1010 2140 1158 2215 conquisita
1179 2142 1305 2214 reperiet.

273 2219 367 2280 Utrum
400 2224 551 2282 criticus
583 2230 719 2288 noster,
752 2240 853 2298 quem
884 2225 1007 2281 littera
1035 2225 1055 2281 B
1085 2224 1337 2292 indicavimus,

190 2314 279 2365 aetate
292 2308 364 2366 Laeti
386 2309 502 2366 editione
515 2305 727 2384 (ucccctxltl)
748 2308 783 2365 sit
799 2309 884 2383 prior,
907 2325 942 2366 an
962 2306 1096 2382 permulta
1117 2323 1187 2381 qnae
1207 2324 1270 2365 cum
1289 2310 1340 2368 hac

189 2393 356 2450 conveniunt
376 2393 439 2451 inde
459 2393 586 2459 hauserit,
611 2393 765 2468 quaeritnr;
798 2410 859 2450 nam
881 2394 905 2450 si
924 2393 1049 2468 princeps
1072 2391 1158 2448 editor
1178 2391 1340 2468 interpolato

190 2476 285 2535 codice
304 2495 371 2535 usus
393 2487 448 2544 est,
472 2487 595 2536 nostrum
617 2479 707 2535 eadem
728 2477 770 2537 vel
791 2479 884 2536 similia
906 2476 1035 2552 praebere
1055 2492 1111 2534 nou
1132 2475 1243 2544 mirnm;
1265 2477 1341 2536 illum

190 2576 256 2620 aero
274 2563 388 2636 principi
409 2562 520 2620 editioni
540 2564 740 2621 emendationes
762 2580 824 2621 suas
846 2563 1018 2638 adscripsisse
1037 2577 1104 2618 vana
1126 2569 1168 2619 est
1180 2561 1342 2621 lachmanni

191 2645 284 2721 opinio
306 2663 376 2722 quae
396 2647 519 2722 plurimis
540 2648 667 2723 exemplis
688 2648 765 2705 facile
785 2647 930 2705 refutatur.
940 2645 963 2720 2)
991 2663 1057 2705 usus
1083 2655 1126 2704 est
1151 2646 1243 2705 codice
1268 2647 1341 2707 haud

190 2729 306 2788 multum
329 2733 434 2791 diverso
456 2732 489 2789 ah
511 2733 551 2798 ll,
577 2733 712 2808 adquam
735 2733 848 2789 adhibita
870 2741 901 2789 ut
921 2732 1026 2790 videtur
1046 2731 1121 2790 Laeti
1146 2731 1264 2791 editione
1290 2733 1340 2792 hos

190 2814 277 2873 lilrros
298 2834 374 2874 more
395 2834 444 2874 suo
468 2818 619 2892 castigaret.
663 2817 788 2892 Exempla
809 2817 863 2875 hoc
882 2817 1030 2875 illustrent:

191 2940 194 2944 -
278 2900 320 2967 Vl,
345 2905 381 2960 51
406 2919 496 2960 curro
519 2919 581 2959 curu
602 2904 723 2959 alteram
743 2903 820 2976 socio
841 2919 953 2960 aarum
989 2903 1168 2967 sictveteres,
1195 2902 1246 2958 nisi
1267 2903 1342 2977 qnod

191 3001 311 3043 aunum
332 2986 468 3054 scribunt,
491 2988 590 3045 Laetus
610 3004 699 3044 uarro
722 3004 783 3045 oum
806 2989 896 3046 altero
917 2988 994 3061 socio
1016 3002 1185 3058 termonem,
1206 2988 1226 3044 Β
1249 2996 1343 3046 noster

190 3085 281 3126 carro
304 3087 366 3128 cam
386 3072 478 3132 altero
498 3073 576 3145 sorio
598 3074 711 3129 comum
732 3090 901 3141 sermonem
923 3073 976 3129 hoo
990 3087 1022 3129 en
1036 3071 1118 3128 Laeto
1133 3070 1269 3129 dilatatum
1291 3081 1342 3139 est,

192 3171 271 3212 error
285 3165 364 3213 natus
386 3175 418 3214 ex
439 3157 566 3216 varietate
587 3158 708 3214 alteratos
729 3167 756 3215 et
777 3158 877 3224 altero,
899 3156 953 3214 hoo
973 3163 1015 3213 est
1036 3171 1068 3212 er
1090 3154 1201 3214 confusa
1223 3173 1343 3232 praepo·

192 3239 291 3297 sitione
313 3251 340 3301 et
361 3243 567 3310 coniunctione;
597 3251 626 3301 at
652 3243 719 3317 quid
740 3243 860 3318 ineptum
881 3242 952 3300 istud
973 3241 1106 3297 comum?
1135 3240 1188 3299 hoo
1209 3250 1241 3300 nt
1261 3239 1343 3298 intel·

192 3340 271 3414 ligas,
293 3343 403 3402 attende
425 3344 490 3419 quid
510 3346 538 3401 iu
552 3343 578 3401 li
594 3353 676 3402 extet.
697 3360 787 3401 norro
809 3360 871 3399 oum
893 3344 983 3399 altero
1004 3341 1082 3414 socio
1103 3319 1210 3400 amiam.
1232 3342 1259 3399 id
1280 3358 1342 3398 cum

193 3440 276 3483 sensu
298 3436 415 3495 careret,
438 3430 508 3487 mam
528 3437 633 3487 mutato
656 3430 746 3486 altero
768 3428 836 3484 alius
858 3428 984 3485 audacter
1004 3427 1082 3499 socio
1104 3443 1258 3484 sennonem
1278 3443 1343 3484 eor·

267 3607 292 3668 1)
309 3604 335 3656 lu
354 3606 413 3658 Ant.
431 3604 568 3674 Augustini
585 3608 648 3661 bibl.
667 3607 712 3661 lat
728 3606 791 3660 Mac.
810 3610 859 3660 cat.
878 3607 942 3660 haec
958 3606 1094 3673 leguntur:

194 3690 234 3728 nr.
253 3674 312 3727 512.
346 3671 381 3727 ll.
392 3672 497 3725 'l'ercnti
515 3674 637 3730 Varronis
654 3676 687 3729 de
704 3675 757 3728 tl.
775 3675 808 3729 ad
824 3674 858 3728 ll.
875 3674 906 3728 Τ.
925 3674 1073 3754 Ciceronem
1092 3688 1107 3726 a
1123 3673 1190 3725 libro
1208 3670 1241 3723 lV
1258 3671 1292 3725 ad
1309 3671 1343 3726 lli

195 3825 234 3865 nr.
253 3740 1059 3879 hippgmpratpopltisdptepppporppggonpiffirppndedeanplolgrapum
1086 3807 1153 3859 inter
1172 3806 1342 3862 relationibus

265 3874 328 3930 Pom
349 3876 402 3929 onii
420 3876 491 3929 Laeti
509 3876 612 3932 dictutis
629 3880 656 3931 in
674 3879 811 3931 Academia
830 3878 942 3930 Romana
961 3892 1029 3929 anuo
1046 3874 1137 3928 Mcux
1163 3874 1213 3928 CV.

196 3959 234 3997 nr.
253 3946 311 3996 524.
362 3982 369 3996 .
388 3942 419 3998 Τ.
440 3943 558 3998 Varronis
575 3946 607 3999 de
624 3947 641 4000 l.
660 3947 677 4000 l.
695 3945 804 4012 lt-lx,
826 3946 890 3999 liber
906 3946 934 3998 lu
951 3945 1038 3997 charta
1055 3957 1179 3995 annorum
1197 3942 1216 3994 (l
1234 3946 1260 3996 et
1276 3943 1343 3997 ultra

265 4011 346 4064 forma
364 4011 490 4081 quadrati.
917 4052 920 4061 ·

267 4081 293 4146 2)
310 4080 399 4133 codice
416 4095 493 4133 mauu
510 4078 606 4146 scripto
623 4095 698 4133 nsum
715 4095 774 4133 esse
785 4079 926 4133 Victorinus
942 4080 999 4146 ipse
1011 4077 1105 4147 probat
1116 4075 1148 4144 V,
1162 4079 1210 4133 1³5
1222 4083 1345 4132 aratum

197 4148 273 4266 ppod
295 4152 400 4268 erepit,
426 4149 472 4268 nbti
489 4150 613 4268 amisttex
629 4147 649 4200 F
667 4148 789 4212 correxit;
816 4148 894 4215 longo
913 4152 1028 4216 tempore
1046 4150 1106 4214 post
1123 4145 1220 4201 addidit
1236 4163 1263 4199 m
1280 4151 1338 4200 ruit

227 4230 277 4282 que
296 4231 328 4269 cx
383 4232 458 4285 sump
471 4231 546 4269 nme
573 4254 580 4268 .

253 4298 393 4352 Spengel,
411 4301 479 4344 Varro
492 4299 520 4342 de
532 4299 609 4352 linum
621 4297 698 4340 latina.
1124 4295 1142 4349 b
