3038 5048
281 307 340 366 146
598 305 972 375 amnesamnes
990 312 1100 363 13-15.

131 479 333 567 umnbbie
355 479 500 565 multam
509 485 636 564 noctem
655 477 826 559 ostendere
847 481 916 546 volt
930 499 950 546 a
965 479 1102 571 temonis
1123 485 1226 562 mutu3
1252 479 1315 546 sed
1333 481 1443 548 Temo

280 560 365 648 unde
387 587 419 649 et
440 601 497 647 cur
518 578 652 666 dicatur,
674 582 764 647 latet.
794 581 940 649 Arbitror
961 565 1110 663 antiquos
1131 579 1269 646 rusticos
1293 583 1441 665 primum

278 692 408 750 notasse
431 682 622 767 quaedam
613 704 645 748 m
670 684 760 751 caelo
782 683 876 768 signa
897 703 980 766 quae
1009 689 1137 766 praeter
1164 681 1230 748 elia
1260 691 1360 749 erant
1391 685 1439 751 in·

280 785 384 868 signia
407 791 504 867 atque
526 785 568 852 ad
592 784 733 866 aliquem
756 805 848 852 usum
863 786 1007 852 culturae
1022 781 1159 870 [tempus
1178 781 1438 870 designandum]

173 884 448 962 §summoniri
482 885 827 954 animadvertebantur.
882 888 960 953 Eius
993 886 1088 968 signa
1120 890 1211 968 sunt,
1245 885 1338 970 quod
1376 888 1474 955 base

277 994 401 1072 septem
429 988 541 1054 stellas
568 988 684 1056 Graeci
714 995 750 1056 ut
771 989 906 1056 Omerus
934 993 1051 1056 vocant
1079 977 1209 1070 ἅμαξαι
1236 993 1270 1053 et
1298 989 1436 1074 propin-

278 1109 376 1173 quum
399 1089 467 1155 eius
489 1089 614 1174 signum
641 1089 788 1179 βοώτηι,
821 1090 922 1157 nostri
946 1109 1001 1156 eas
1023 1096 1146 1174 septem
1168 1089 1281 1156 stellas
1305 1093 1436 1160 triones

277 1195 309 1255 et
332 1197 489 1258 temonem
512 1197 544 1258 et
565 1213 666 1277 prope
687 1213 742 1259 eas
767 1212 878 1275 axem3
916 1191 1051 1259 Triones
1083 1191 1168 1258 enim
1190 1197 1223 1257 et
1244 1190 1351 1258 boves
1375 1213 1435 1279 ap-

125 1300 271 1356 51158511
280 1292 439 1377 pellantur
459 1314 481 1359 a
502 1293 649 1361 bubulcis
671 1295 768 1361 etiam
791 1315 875 1361 nune
897 1295 1037 1361 maxime
1067 1315 1139 1362 cum
1167 1296 1261 1359 mant
1289 1297 1431 1379 terram;

278 1392 384 1474 equis
399 1399 434 1458 ut
448 1392 526 1460 dicti
547 1396 693 1462 valentes
710 1396 853 1464 Gleberii
876 1398 929 1479 qui
952 1395 1047 1464 facile
1070 1394 1277 1480 proscindunt
1299 1395 1432 1479 glebas,
1454 1410 1483 1464 ιο

277 1494 324 1560 sic
346 1514 456 1562 omnes
478 1495 533 1576 qui
548 1500 664 1562 terram
683 1498 819 1565 arabant
841 1519 862 1565 a
888 1504 972 1566 terra
988 1498 1166 1580 Terriones‚
1189 1495 1274 1564 unde
1289 1496 1433 1565 Triones

169 1593 190 1674 ξ
215 1597 254 1658 75
277 1603 312 1663 ut
334 1596 513 1664 dicerentur
535 1596 575 1664 de
597 1598 682 1664 tritu.
724 1601 824 1666 Temo
847 1599 951 1667 dietus
973 1620 994 1666 a
1016 1598 1167 1682 tenend03
1192 1597 1221 1662 is
1243 1596 1330 1663 enim
1353 1617 1433 1664 con-

276 1698 357 1764 tinet
378 1700 487 1782 iugum
510 1702 542 1765 et
562 1699 750 1786 plaustrum,
772 1702 971 1786 appellatum
987 1721 1007 1766 a
1022 1706 1114 1785 parte
1136 1705 1237 1766 totum
1259 1702 1296 1763 ut
1313 1699 1431 1767 multa.

275 1799 414 1865 Possunt
436 1800 553 1867 triones
576 1799 668 1885 dicti,
703 1804 763 1868 VII
790 1802 876 1884 quod
905 1804 952 1870 ita
981 1802 1064 1869 sitae
1091 1801 1222 1883 stellae,
1255 1804 1291 1867 ut
1313 1811 1431 1868 ternae

276 1899 402 1981 trigona
424 1902 543 1967 saciant
565 1903 710 1984 aliquem.
1453 1920 1482 1972 15

275 2051 384 2121 scripsi,
402 2068 485 2120 agens
503 2052 535 2122 F,
555 2070 653 2124 cogens
673 2055 710 2122 M,
728 2055 865 2109 Laetus.
893 2070 992 2124 cogens
1011 2054 1126 2108 sublime
1143 2052 1310 2120 Scaliger,
1336 2052 1429 2107 Her·

275 2151 389 2206 mann,
415 2138 505 2194 noctis
528 2155 627 2208 cogens
650 2138 704 2194 iter
727 2140 849 2208 Bergk.
884 2134 963 2208 ‘fort
986 2154 1069 2207 agens
1089 2144 1156 2210 post
1178 2137 1232 2192 iter
1252 2137 1428 2207 ponendum,

275 2223 330 2275 nisi
346 2222 468 2278 sublimis
486 2239 569 2293 agens
582 2229 709 2296 praestat
727 2225 801 2294 quod
814 2223 955 2279 Turnebus
972 2220 1097 2279 coniecit’
1111 2223 1183 2293 Lsp.
1202 2222 1278 2292 confi
1289 2221 1429 2279 Vahlen

274 2322 301 2375 p.
324 2311 380 2373 120,
404 2307 560 2363 Ribbeck
583 2313 617 2364 tr.
642 2308 690 2364 ir.²
712 2310 787 2364 Ena.
806 2314 854 2364 111
879 2325 918 2379 sq.
943 2310 1041 2365 Coroll.
1067 2327 1094 2379 p.
1119 2307 1205 2364 XXV.
1232 2337 1266 2345 —
1294 2310 1306 2360 1
1328 2322 1346 2361 a
1369 2324 1427 2362 om.

276 2392 397 2449 GHab.
425 2425 458 2435 -
486 2397 500 2446 2
520 2394 647 2464 antiquos
672 2411 723 2449 om.
746 2410 774 2463 p.
801 2424 835 2433 —
861 2399 876 2448 3
895 2409 965 2463 quae
987 2396 1098 2463 praeter
1114 2393 1177 2462 galia
1199 2394 1279 2447 erant
1302 2391 1431 2462 insignia
1468 2429 1470 2436 ι

274 2494 362 2549 supra
380 2496 486 2534 uersum
499 2488 567 2551 post
584 2481 661 2550 signa
678 2480 773 2535 addite
789 2480 819 2532 in
837 2479 860 2533 F
878 2495 912 2532 m.
930 2495 974 2550 pr.
994 2494 1044 2532 orn.
1063 2477 1098 2532 H.
1118 2508 1148 2517 —
1176 2476 1325 2545 taliquem
1342 2493 1428 2532 usum

274 2579 327 2617 om.
345 2563 545 2635 Scioppius.
573 2595 606 2604 —
633 2569 665 2619 ut
682 2565 807 2620 culturae
827 2565 957 2619 Miller.
985 2593 1017 2603 —
1044 2563 1081 2618 ad
1101 2566 1209 2632 tempus
1228 2562 1426 2617 Turnebus.

274 2647 314 2701 sic
331 2647 508 2718 interpunxit
525 2648 600 2718 LSp:
617 2644 662 2705 ‘ad
680 2650 798 2718 aliquem
814 2665 908 2717 usum,
927 2649 1052 2704 culturae
1069 2652 1187 2716 tempus,
1204 2643 1424 2715 designandum.²

274 2749 325 2802 epo
342 2732 454 2788 seiunxi
470 2737 577 2803 tempus
595 2733 805 2803 designandum,
831 2735 1011 2787 instrumento
1034 2733 1138 2786 rustica
1155 2747 1205 2786 usu
1222 2731 1350 2787 culturae
1366 2733 1427 2802 sip-

273 2817 383 2885 nificuri
399 2824 485 2873 ratus.
502 2818 536 2873 de
552 2818 604 2873 dei.
621 2819 710 2872 verbis
727 2818 850 2873 culturae
866 2821 972 2886 tempus
991 2817 1054 2872 otim
1072 2816 1240 2888 cepitqueret
1257 2815 1328 2884 LSp.
1360 2814 1427 2870 iicet

273 2901 354 2955 etiem
382 2902 500 2970 insignia
527 2902 564 2957 ad
585 2907 692 2970 tempus
714 2902 909 2971 designandum
938 2906 1020 2970 atque
1043 2902 1079 2956 ad
1105 2901 1168 2971 aliq.
1186 2916 1266 2955 usum
1296 2899 1426 2957 culturae

274 2986 417 3040 convenire
435 2986 728 3042 animadvertebantur.
748 3018 781 3027 -
802 2992 817 3041 5
836 2987 904 3054 eius]
930 2983 1006 3056 ‘sort
1024 2982 1167 3042 eiusmodi’
1186 2984 1259 3055 LSp.
1286 3013 1321 3024 -
1346 2986 1425 3053 quod

273 3084 324 3123 om.
342 3070 381 3136 M,
399 3068 537 3125 Laetus.
556 3103 589 3110 —
611 3075 626 3125 6
645 3087 753 3125 omerus
769 3072 810 3125 sr'c
826 3070 859 3124 1².
878 3101 910 3109 —
928 3074 1011 3126 uocat
1027 3068 1191 3138 FGHVp.
1217 3099 1250 3108 —
1274 3071 1421 3122 ΑΜΑΣΑΝ

269 3155 302 3224 F,
321 3159 458 3208 ΑΝΛΟΑΝ
478 3156 517 3222 Μ,
536 3154 636 3210 lacuna
655 3157 683 3210 in
701 3155 762 3224 Vp.
789 3184 823 3193 -
847 3154 1028 3224 propinquum
1046 3170 1117 3209 corr.
1135 3171 1173 3209 ecc
1189 3153 1373 3225 propinquam
1389 3159 1425 3209 ut

269 3240 322 3295 uid.
349 3239 381 3306 T,
409 3227 576 3310 propinquat
593 3241 653 3309 Vp.
681 3270 713 3279 -
741 3239 844 3308 letus]
871 3239 897 3294 ei
922 3239 974 3308 Vp
1006 3239 1205 3309 (compendium
1235 3240 1264 3292 in
1286 3238 1329 3306 F),
1356 3240 1422 3307 equi

269 3325 309 3394 M,
326 3325 466 3380 Laetus.
486 3357 516 3364 -
539 3329 683 3379 BOOTeM
704 3325 829 3393 ''signum
846 3323 878 3392 T,
895 3339 997 3394 praece
1014 3324 1107 3378 vocab.
1127 3340 1178 3378 om.
1197 3324 1292 3392 GVp‚
1309 3327 1421 3394 βοοτεν

270 3411 391 3467 ceteri.
418 3441 452 3449 -
478 3410 590 3474 triones]
611 3410 673 3479 LSp
692 3408 753 3473 (boc
771 3408 867 3463 ordine
883 3424 930 3462 eas
949 3409 1041 3462 stellas
1060 3412 1164 3478 septem
1181 3409 1304 3476 trieries),
1330 3408 1419 3465 boues

268 3497 362 3552 libri.
381 3527 414 3535 —
433 3499 447 3548 8
466 3499 495 3549 et
511 3498 584 3560 (unte
601 3493 692 3561 boves)
711 3493 761 3548 del.
781 3492 976 3563 Scioppius.
995 3524 1027 3533 -
1046 3499 1061 3548 9
1079 3509 1205 3550 maxume
1222 3508 1304 3563 quom
1320 3491 1356 3547 H.
1385 3523 1420 3532 ·-

270 3587 299 3637 11
320 3585 378 3637 oms
395 3580 428 3635 F.
456 3610 489 3619 —
517 3580 590 3634 unde
606 3579 710 3634 triones
728 3596 779 3633 om.
798 3579 860 3649 Vp,
886 3583 918 3633 ut
938 3579 1095 3634 dicerentur
1117 3579 1151 3633 de
1174 3578 1242 3634 tritu
1260 3593 1311 3631 om.
1330 3577 1365 3632 G.
1383 3609 1418 3620 -

268 3673 301 3722 12
320 3667 448 3730 detritu]
466 3681 483 3721 a
501 3665 604 3721 debito
621 3666 645 3719 B
662 3664 758 3732 vulg,
785 3664 810 3718 Ε
829 3663 928 3718 deuito
946 3665 1182 3733 Augustinus,
1207 3661 1268 3719 ER
1286 3660 1417 3717 debitum

268 3752 465 3818 Turnebus3
483 3755 614 3821 conspecto
633 3767 650 3804 a
667 3753 743 3804 terra
760 3749 874 3803 terenda
890 3749 1020 3814 teriones,
1038 3749 1110 3805 unde
1128 3749 1232 3804 triones
1249 3746 1318 3801 dicti
1329 3745 1355 3801 Ε
1367 3762 1416 3801 ex·

266 3838 341 3893 trito.
361 3868 395 3876 —
415 3840 444 3892 13
458 3836 558 3904 iugum.
577 3834 624 3898 Et]
641 3834 887 3904 interpunctionem
905 3840 1088 3889 correxerunt
1100 3832 1327 3889 christPnilol.
1340 3831 1415 3900 XVI,

266 3937 293 3990 p.
313 3926 372 3990 451,
389 3921 461 3989 LSp.
480 3921 654 3990 *apartel
673 3923 738 3989 apte
755 3919 818 3974 ΕΜ.
845 3950 878 3959 -
899 3923 931 3974 14
948 3919 1004 3975 dici
1020 3920 1107 3987 vulg.
1126 3947 1160 3956 —
1177 3921 1257 3970 terna
1274 3917 1361 3986 vulg.
1380 3948 1415 3957 -

268 4009 298 4060 15
317 4006 423 4061 faciant
440 4005 495 4061 tria
511 4005 631 4075 Bergk.
649 4035 684 4045 -
701 4004 827 4075 aliquem]
844 4006 953 4075 scripsi,
979 4003 1091 4073 aliquod
1107 3999 1193 4055 libri
1210 4001 1326 4069 (aliquot
1345 4001 1414 4071 aa),

266 4090 341 4159 quod
352 4091 493 4161 proaimis
509 4091 599 4146 verbis
615 4089 774 4145 addebatur.
793 4089 868 4159 conf.
886 4089 925 4144 VI
943 4091 959 4156 ἓ
979 4094 994 4143 6
1011 4105 1039 4158 p.
1059 4093 1100 4155 te,
1120 4090 1143 4140 1.
1160 4084 1264 4140 albicat
1281 4087 1413 4143 Bdche·

265 4175 318 4229 ler
336 4191 380 4246 up.
399 4175 480 4230 Ribb.
498 4179 534 4230 tr.
552 4175 600 4229 ir.2
618 4174 717 4230 (toroll.
735 4190 762 4243 p.
781 4173 893 4229 XXXV.
918 4173 951 4228 de
968 4175 1052 4243 Apud
1068 4168 1187 4224 Ennium
1210 4171 1284 4238 quod
1307 4176 1350 4228 est
1371 4172 1416 4228 vei

264 4258 377 4314 faciant.
395 4259 444 4314 alii
461 4260 534 4330 quod
550 4262 586 4297 **
604 4259 710 4316 Lumen
727 4258 792 4314 olim
809 4261 978 4330 eopiteuerat
993 4258 1065 4327 LSp.
