3060 5048
474 305 589 362 LIBER
605 305 736 364 NONUS.
771 307 917 376 §nr-24.
1206 306 1269 366 201

213 481 261 544 16.
284 477 398 544 Nonne
419 477 580 545 inusitatis
602 478 712 546 formis
734 498 885 546 vasorum
905 477 1085 546 recentibus
1101 498 1119 545 e
1133 478 1269 546 Graecia
1290 480 1310 558 ξ
1332 481 1372 544 21
1468 511 1473 521 ·

124 579 243 646 adlatis
272 579 461 647 obliteratae
489 581 640 663 antiquae
669 581 908 648 consuetudinis
940 581 1081 649 sincrum
1111 585 1144 647 et
1172 561 1422 665 capu-(⁹¹⁴⁷⁰⁸⁹'¹'

125 683 229 747 larum
263 681 411 766 species?
448 680 1270 765 hfflmoamlnfflmmadmti

124 784 233 890 rpglgm
262 802 346 864 quae
376 783 518 851 docuerit
547 782 629 850 ratio
658 789 788 870 propter
818 783 1078 852 consuetudinem
1103 785 1268 851 veterem?

86 896 101 946 5
124 892 157 952 et
178 879 300 978 tanturn
320 886 405 967 ,inter
426 883 507 970 duos
528 904 641 970 sensus
662 885 816 970 interesse
838 887 965 978 volunt,
995 886 1267 972 utmoculissem-

122 984 321 1068 fflliquns
335 986 454 1081 igppas
476 987 684 1077 supellectilis
705 1006 811 1077 nepas·
829 975 1160 1077 cbnquirantqqooqtra
1181 989 1268 1074 amis

123 1087 263 1182 expumis
285 1088 387 1175 udi-nt
409 1088 504 1177 esse?

212 1193 258 1254 17.
289 1187 412 1270 Quotus
434 1190 569 1273 quisque
589 1191 656 1257 iam
676 1210 787 1259 servos
809 1192 907 1259 habet
928 1192 1041 1277 priscis
1063 1190 1268 1259 nominibus?
1292 1192 1312 1270 ξ
1333 1193 1375 1254 22

123 1309 206 1371 quae
228 1291 343 1359 mulier
364 1312 455 1359 suum
484 1293 727 1361 instrumentum
754 1294 854 1362 vestis
881 1299 979 1376 atque
1006 1293 1075 1360 auri
1102 1292 1264 1361 veteribus
1273 1309 1305 1360 b·
1314 1306 1352 1350 4¹11
1360 1305 1421 1360 sne

73 1406 102 1457 10
123 1393 289 1460 vocabulis
310 1393 476 1480 appellat?
508 1395 566 1460 sed
595 1393 733 1462 indoctis
762 1417 826 1462 non
854 1401 922 1462 tam
947 1395 1150 1463 irascendum
1171 1414 1268 1478 quam

123 1494 254 1561 huiusce
275 1497 445 1580 pravitatis
466 1495 620 1581 patronis.
666 1494 702 1562 Si
724 1497 810 1564 enim
831 1515 1062 1580 usquequaque
1089 1518 1153 1565 non
1182 1504 1269 1564 esset
1290 1498 1310 1578 ὅ
1332 1499 1372 1561 23

122 1596 288 1681 analogia,
322 1605 389 1665 tum
419 1599 629 1683 sequebatur,
662 1606 697 1664 ut
725 1599 759 1665 in
787 1599 896 1666 verbis
926 1617 1052 1683 quoqne
1079 1619 1143 1667 non
1173 1605 1268 1683 osset,

121 1719 193 1783 non,
217 1718 288 1765 cum
311 1704 396 1766 esset
418 1717 658 1781 usquequaque,
685 1707 720 1767 ut
742 1708 799 1781 est,
830 1722 893 1767 non
915 1720 987 1768 esse
1009 1701 1043 1767 in
1064 1699 1183 1768 verbis.

209 1803 258 1866 18.
293 1799 383 1878 Quae
407 1802 491 1866 enim
514 1807 658 1884 estpars
680 1802 790 1868 mundi
819 1821 902 1884 quae
929 1822 993 1868 non
1020 1802 1269 1870 innumerabiles

70 1913 99 1965 ιι
121 1901 240 1969 habeat
261 1903 451 1984 analogias?
485 1904 610 1970 caelum
638 1922 681 1968 an
709 1922 797 1970 mare
826 1924 868 1969 an
896 1909 997 1980 terra,
1032 1923 1115 1986 quae
1136 1904 1171 1970 in
1192 1903 1268 1971 bls?

121 2004 236 2071 Nonne
264 2005 299 2069 in
321 2005 410 2070 caelo
433 2009 468 2070 ut
489 2004 532 2070 ab
554 2004 782 2086 aequinoctiali
804 2004 921 2071 circulo
944 2004 988 2071 ad
1008 2005 1212 2072 solstitialem
1233 2011 1266 2072 et
1286 2006 1306 2086 ξ
1329 2008 1369 2069 24

30 2171 34 2182 .
121 2106 196 2171 hinc
217 2105 261 2171 ad
282 2105 574 2190 septemtrionalem
596 2105 744 2189 divisum,
769 2104 817 2172 sio
839 2112 950 2173 contra
970 2106 1101 2191 paribus
1121 2107 1267 2192 partibus

120 2208 207 2274 idem
228 2228 250 2274 a
271 2208 385 2274 bruma
405 2226 534 2274 versum
564 2209 723 2276 contraria
750 2207 866 2292 parte?
898 2228 961 2275 non
991 2213 1144 2289 quantum
1171 2209 1266 2293 polus
1277 2223 1307 2275 b·
1316 2221 1422 2276 411811)

121 2309 266 2394 superior
287 2310 380 2376 abest
403 2305 446 2394 [et
467 2309 561 2381 abest
583 2308 627 2394 et]
651 2331 672 2377 a
692 2309 947 2395 septemtrionali
969 2309 1088 2377 circulo
1110 2319 1142 2373 et
1164 2311 1194 2376 is
1223 2308 1266 2376 ad

69 2422 98 2474 20
119 2413 306 2494 solstitium,
340 2410 526 2478 tantundem
555 2413 649 2479 abest
675 2412 806 2480 inferior
835 2412 878 2478 ab
906 2431 944 2479 eo
973 2429 1068 2493 quem
1097 2402 1265 2497 ἀνταρκτι-

120 2511 178 2580 κὸν
193 2518 311 2583 vocant
332 2513 485 2594 astrologi
508 2518 540 2579 et
561 2513 590 2579 is
612 2511 654 2579 ad
677 2513 877 2581 brumalem?
900 2533 973 2596 non,
996 2510 1267 2595 quemadmodum

121 2617 270 2700 quodque
299 2616 425 2699 signum
454 2621 600 2682 exortum
630 2615 691 2683 hoc
719 2635 820 2702 anno,
852 2610 959 2702 [quod]
990 2619 1146 2699 quotquot
1173 2614 1267 2682 annis

206 2806 219 2856 1
237 2801 330 2871 grecia
346 2800 380 2855 F.
407 2831 440 2840 —
468 2805 483 2855 2
501 2800 601 2856 ablatis
617 2801 650 2871 F,
668 2802 759 2858 allatis
778 2801 925 2869 Laetus,
948 2800 1023 2872 quod
1039 2801 1139 2856 adlatis
1156 2799 1265 2871 scripsi.

119 2915 152 2924 -
178 2901 306 2954 synorum
323 2890 351 2941 et
370 2886 539 2956 capullarum
556 2887 588 2941 F.
614 2917 650 2926 -
674 2891 690 2942 3
708 2883 788 2957 ‘fort
809 2882 856 2941 iis‘
876 2887 948 2955 usp.
975 2915 1010 2926 -
1034 2884 1266 2950 incontaminatis]

118 2970 196 3040 LSp,
222 2970 432 3026 incontaminati
449 2971 482 3039 F,
508 2975 540 3026 ut
558 2971 750 3027 contaminatis
772 2971 903 3027 Miller.
931 3000 965 3011 -
991 2970 1128 3045 {lnollent
1145 2986 1215 3040 quae
1233 2969 1266 3038 F,

119 3070 191 3109 corr.
208 3055 243 3109 H.
263 3055 473 3125 Stephanus.
492 3086 526 3094 -
543 3057 652 3112 docurit
669 3056 693 3111 F
711 3055 801 3124 (Keil),
820 3055 914 3112 docuit
930 3072 957 3125 p.
979 3086 1015 3095 -
1038 3055 1125 3112 oratio
1143 3055 1176 3124 F,
1194 3071 1265 3110 corr.

118 3137 382 3195 Rholandellns.
406 3171 439 3179 -
462 3145 573 3211 praeter
590 3141 783 3210 Victorius,
802 3140 914 3197 Vertr.
937 3171 972 3180 -
999 3141 1126 3197 bvolent
1143 3139 1265 3210 Sciop-

118 3223 203 3293 pius.
231 3255 265 3262 -
291 3228 306 3278 8
325 3240 420 3279 seruor
437 3225 470 3292 F,
497 3241 640 3281 seruorum
656 3243 684 3296 p,
711 3242 783 3281 corr.
801 3224 906 3281 Aldus
929 3225 1003 3293 (Hi).
1030 3256 1063 3266 -
1092 3230 1123 3280 10
1141 3226 1190 3280 sed
1213 3241 1267 3280 om.

117 3307 203 3376 vulg.
224 3323 261 3362 ex
278 3309 310 3363 Β.
337 3339 371 3348 -
397 3309 525 3375 indoctis]
543 3311 770 3380 Augustinus,
793 3310 913 3366 inductis
931 3310 964 3365 F.
982 3340 1016 3351 -
1035 3314 1065 3365 11
1084 3313 1149 3373 non]
1166 3324 1266 3364 nomen

117 3393 150 3460 F,
168 3408 239 3448 corr.
257 3393 340 3461 vulg.
359 3409 397 3448 ex
413 3394 446 3448 Β.
465 3395 503 3464 cf.
522 3395 552 3451 0.
564 3395 597 3450 F.
607 3395 651 3450 W.
664 3396 793 3451 Miller
809 3412 836 3464 p.
855 3398 915 3464 423,
932 3394 1055 3451 Reiter
1070 3411 1099 3463 p.
1118 3399 1151 3449 'lb
1163 3410 1202 3461 sq.
1222 3397 1264 3447 7³.

117 3507 152 3516 -
177 3482 207 3532 15
230 3482 308 3545 quae]
332 3493 369 3532 an
391 3494 440 3535 aer
461 3484 490 3535 et
512 3483 604 3536 cetera
629 3484 785 3548 quaesunt
808 3481 897 3550 vulg.
922 3497 960 3536 ea·
980 3480 1019 3547 B,
1049 3496 1086 3535 sn
1108 3495 1179 3550 quae
1202 3483 1266 3535 sunt

117 3561 256 3629 Miller,
275 3578 398 3632 quaeque
415 3564 476 3634 LSp
495 3564 567 3630 olim,
587 3564 711 3620 christ.
730 3596 762 3605 -
783 3570 813 3620 11
833 3569 937 3629 contra]
956 3568 1053 3619 contra
1070 3579 1088 3618 a
1105 3563 1128 3617 F
1146 3562 1264 3629 (droth).

117 3677 150 3686 -
171 3650 202 3701 18
219 3647 299 3712 idem]
311 3648 345 3702 Id
357 3656 372 3703 e
385 3647 422 3716 (lt.
434 3667 458 3704 e.
475 3649 574 3717 idest)
591 3649 624 3703 F.
641 3645 718 3720 ‘fort
736 3650 800 3705 inde
817 3650 854 3706 ad
870 3645 1004 3705 brumam’
1023 3647 1095 3719 LSp.
1113 3648 1168 3702 nisi
1182 3647 1266 3701 inter-

115 3732 203 3802 pretis
219 3738 259 3786 est
275 3732 305 3788 id
322 3737 366 3790 est
381 3751 399 3790 a
416 3736 520 3790 bruma.
539 3764 572 3772 —
589 3733 653 3803 polo
665 3734 697 3803 F,
716 3750 788 3790 corr.
807 3733 970 3804 Scaliger.
989 3763 1022 3772 —
1043 3735 1074 3787 19
1085 3735 1114 3787 et
1130 3733 1210 3787 abest
1226 3736 1264 3796 et]

117 3815 168 3870 dcl.
180 3815 312 3886 Miller,
330 3818 402 3888 LSp.
415 3823 444 3874 et
454 3820 534 3874 abest
546 3859 553 3873 .
566 3858 573 3872 .
586 3819 747 3874 tantundem
764 3819 842 3875 abest
854 3825 907 3874 om.
919 3818 1006 3886 vulg.
1023 3847 1058 3856 -
1075 3817 1178 3872 circulo
1190 3808 1219 3872 et
1229 3816 1264 3881 is]

116 3899 257 3971 Muller,
274 3902 400 3958 circumit
418 3921 479 3958 cum
496 3904 539 3958 his
557 3904 590 3972 F,
607 3898 786 3959 ‘cccicccrum
804 3904 921 3960 circuitu
938 3906 966 3958 et
982 3901 1007 3956 is
1021 3942 1027 3955 .
1042 3895 1178 3957 .tantum'
1193 3899 1264 3971 LSp.

116 4014 149 4024 —
167 3990 199 4041 20
218 3984 409 4043 solistitiumF
422 3989 538 4057 (Groth),
556 3988 703 4045 solstitium
714 3989 737 4044 F
750 3987 841 4058 (Keil),
858 3983 936 4060 ‘fort
949 3979 1133 4042 solstitialom'
1146 3985 1218 4055 LSp.
1231 4016 1264 4025 -

116 4088 242 4144 artinrcti
268 4067 375 4146 ⁰ir'r'icant
391 4090 425 4158 F,
442 4089 496 4144 arti
513 4090 621 4146 articon
638 4090 683 4158 M,
706 4091 814 4146 ardcon
832 4090 893 4161 Vp,
911 4089 1058 4146 mdadoon
1073 4105 1106 4156 a,
1124 4087 1264 4144 mciacum

117 4172 154 4241 G,
177 4175 358 4231 antarcticum
379 4173 422 4242 H,
448 4165 641 4249 ἀνταρκτικὸν
663 4176 845 4234 antarcticum
862 4177 886 4232 B
903 4183 930 4232 ct
947 4175 1046 4232 omisso
1065 4175 1159 4230 vocab.
1178 4173 1264 4228 latim

115 4258 202 4328 vulg.
221 4290 253 4299 -
272 4262 304 4314 22
321 4260 404 4329 quod}
423 4275 475 4315 om.
494 4261 610 4317 Aldus.
