3060 5048
353 365 357 374 ,
469 326 584 383 LIBER
600 325 731 383 NONUS.
767 329 912 395 §sa-41.
1202 322 1262 383 207

118 500 207 566 Aet
236 498 280 581 B,
319 499 405 580 quod
439 519 504 566 non
539 498 642 566 omnis
681 519 746 567 uox
780 504 894 565 natura
933 496 1033 564 habet
1072 493 1263 580 declinatus,

119 619 223 682 neque
252 600 285 665 in
313 602 415 666 forma
443 601 560 669 collata
588 599 804 684 quaerendum
826 601 946 683 solum,
980 595 1056 680 quid
1087 595 1204 664 babeat
1232 597 1265 662 iu

119 700 222 784 figura
250 701 369 786 simile,
404 702 462 769 scd
496 702 593 769 etiarn
628 722 854 787 nonnunquam
884 701 917 767 in
950 720 988 768 eo
1017 719 1111 782 quem
1146 698 1266 765 babeat

120 802 279 871 eflectum.
324 803 378 870 Sic
399 803 485 870 enim
506 805 581 870 lana
601 805 762 889 gallicana
791 810 823 871 et
849 803 946 888 apula
968 801 1095 870 uidetur
1116 801 1264 886 imperito
1275 817 1306 869 o·
1315 817 1352 860 ⁴8⁴
1360 815 1415 870 sut

81 904 231 973 assimilis
258 911 388 990 propter
414 906 572 992 speciem,
611 928 683 974 cum
714 907 835 992 peritus
870 905 1000 990 apulam
1037 910 1123 971 emat
1155 903 1265 987 pluris,

121 1006 208 1090 quod
229 1006 263 1072 in
285 1026 344 1074 usu
365 1007 484 1075 firmior
506 1008 555 1075 sit.
600 1008 690 1075 Haeo
717 1028 801 1074 nunc
827 1007 961 1074 strictim
991 1005 1077 1073 dicta
1104 1005 1266 1090 apertiora

121 1109 198 1176 fient
219 1108 312 1176 infra.
355 1109 510 1194 Incipiam
531 1110 614 1176 binc.

207 1213 256 1277 29.
294 1210 386 1289 Quod
413 1219 542 1296 rogant,
582 1233 622 1278 ex
657 1231 721 1294 qua
754 1216 845 1295 parte
874 1215 1020 1294 oporteat
1055 1209 1159 1277 simile
1194 1228 1266 1276 esse
1288 1209 1308 1288 ξ
1330 1211 1370 1273 40

122 1313 264 1395 verbum,
287 1333 308 1380 a
328 1333 408 1381 uoce
430 1335 472 1380 an
494 1335 514 1380 a
536 1313 776 1398 significatione,
798 1311 1027 1398 respondemus
1049 1333 1069 1378 a
1091 1331 1185 1395 voce;
1208 1309 1267 1377 scd

71 1424 100 1474 ιο
121 1420 228 1481 tamen
264 1433 490 1496 nonnunquam
528 1416 710 1497 quaerimus
745 1435 862 1498 genere
894 1414 1054 1482 similiare
1086 1415 1150 1480 sint
1183 1431 1266 1494 quae

122 1515 339 1600 significantur
367 1537 406 1583 ao
434 1537 549 1585 nomen
575 1517 666 1583 uirile
689 1537 760 1583 cum
782 1516 868 1583 uirili
889 1515 1094 1600 conferimus,
1127 1513 1266 1582 feminac

122 1639 194 1685 oum
216 1619 372 1703 muliebri,
395 1638 458 1684 non
480 1618 565 1700 quod
587 1617 622 1684 id
637 1619 722 1701 quod
737 1618 916 1703 significant
930 1638 1042 1686 vocem
1057 1622 1265 1700 commoueat,

122 1718 180 1785 sed
209 1720 295 1803 quod
321 1739 546 1802 nonnunquam
573 1719 606 1785 in
628 1719 719 1786 rebus
741 1719 904 1787 dissimilis
930 1720 1052 1803 figurae
1074 1721 1192 1786 formas
1215 1714 1266 1803 [ri-

122 1819 228 1908 milis]‚
251 1823 285 1887 in
307 1821 420 1887 similis
442 1822 607 1904 imponunt
629 1819 808 1906 dispariles
831 1832 867 1890 ut
888 1824 988 1891 calcei
1010 1823 1182 1891 muliebres
1203 1821 1419 1887 cirtensem

71 1931 101 1982 15
122 1942 164 1987 an
186 1923 297 1989 uiriles
319 1920 454 1989 dicimus
476 1921 519 1989 ad
542 1921 782 1990 similitudinem
803 1922 941 2007 figurae,
964 1945 1034 1991 cum
1058 1932 1164 1992 tamen
1185 1923 1265 1990 scia-

123 2044 194 2090 mus
216 2044 443 2109 nonnunquam
459 2030 491 2094 ct
504 2023 670 2091 mulierem
691 2024 811 2092 babere
834 2029 958 2094 calceos
980 2027 1088 2094 viriles
1111 2032 1143 2092 ct
1163 2024 1267 2092 virum

123 2124 298 2193 muliebris.
354 2126 408 2192 Sic
429 2126 494 2193 diei
514 2127 617 2192 virum
639 2127 839 2212 Perpennam
861 2132 896 2207 ut
917 2128 1098 2213 Alphenam
1120 2125 1268 2193 muliebri
1289 2127 1308 2206 ξ
1331 2129 1368 2189 41

123 2228 227 2293 forma
249 2236 282 2294 et
304 2233 414 2295 contra
434 2228 597 2295 Parietem
625 2234 660 2293 ut
688 2229 836 2296 Abietem
865 2248 935 2296 esse
963 2230 1098 2295 formam
1120 2228 1266 2310 similem,

124 2349 220 2412 quom
242 2331 378 2396 alterum
400 2330 592 2397 vocabulum
615 2330 738 2396 dicatur
759 2330 867 2411 virile,
901 2331 1036 2397 alterum
1058 2330 1213 2396 muliebre
1236 2332 1268 2396 et

71 2441 101 2492 no
124 2437 291 2515 utrumque
311 2437 427 2498 natura
448 2438 594 2500 neutrum
616 2432 666 2500 sit.
709 2433 819 2514 itaque
848 2452 888 2500 ea
909 2432 1016 2498 virilia
1043 2431 1177 2499 dicimus
1206 2451 1269 2498 non

124 2553 206 2616 quae
234 2535 337 2600 virum
366 2533 562 2616 significant,
602 2533 660 2601 sed
689 2534 804 2617 quibus
832 2535 1038 2619 proponimus
1066 2534 1127 2600 Hic
1156 2539 1188 2601 et
1215 2532 1271 2616 Hi,

123 2641 156 2702 et
179 2635 226 2702 sic
247 2635 415 2703 muliebria
437 2635 469 2701 in
493 2635 608 2717 quibus
631 2635 736 2704 dicere
757 2655 926 2721 possumus
947 2636 1037 2703 Haeo
1058 2643 1114 2702 aut
1135 2634 1232 2701 Hae.

192 2875 207 2924 2
226 2871 392 2941 querendum
409 2870 441 2924 F.
460 2901 494 2910 -
512 2871 585 2936 dsit]
599 2864 692 2925 ‘imino
710 2864 765 2926 est’
777 2871 847 2940 LSp.
867 2901 900 2911 -
919 2830 1057 2927 duerbum
1085 2864 1167 2942 ‘sort
1184 2869 1266 2925 verbo

121 2950 246 3010 verbum’
263 2956 336 3026 LSp.
360 2987 395 2994 —
418 2971 519 3011 avoco
537 2971 574 3010 an
591 2960 616 3020 a]
636 2956 774 3012 oboeeans
791 2955 824 3023 F,
843 2957 877 3011 ab
895 2971 961 3012 voce
979 2971 1015 3010 an
1031 2955 1171 3011 Laetus.
1190 2954 1266 3025 conf.

122 3041 239 3096 (iroth.
257 3070 290 3082 -
310 3047 340 3096 10
359 3040 496 3110 querimus
515 3041 546 3094 F.
569 3066 604 3082 ·-
627 3046 656 3096 11
676 3041 762 3106 virile]
779 3041 832 3095 uiri
849 3040 1046 3110 Scioppius.
1072 3072 1106 3081 —
1135 3044 1165 3095 12
1184 3038 1266 3109 signi·

121 3121 187 3215 ficei
204 3159 236 3212 F.
255 3189 288 3198 -
306 3174 386 3215 uoces
403 3158 491 3229 vulg.
510 3175 548 3215 ex
566 3160 597 3214 B.
615 3191 649 3200 —
673 3164 704 3214 13
722 3177 752 3215 re
770 3160 863 3215 similis
881 3178 908 3230 p.
935 3190 969 3199 —
991 3160 1021 3214 in
1037 3159 1119 3215 rebus
1138 3158 1202 3214 diss.
1220 3156 1266 3227 fig.

121 3244 223 3299 formas
251 3242 345 3297 similis
371 3243 401 3296 in
427 3243 531 3308 similis]
557 3244 635 3314 LSp,
661 3244 690 3298 in
715 3261 746 3300 re
771 3245 837 3300 diss.
864 3243 908 3313 fig.
933 3243 1034 3299 formas
1052 3241 1266 3299 indissimilesF

123 3328 234 3393 (formas
253 3328 398 3383 dissimiles
417 3329 460 3394 G),
477 3328 508 3381 in
523 3344 555 3383 re
573 3329 696 3383 dissimili
714 3330 809 3384 similis
826 3329 930 3398 figurae
947 3329 1063 3398 formas,
1088 3329 1118 3383 in
1136 3344 1167 3382 re
1185 3325 1266 3381 simili

121 3413 263 3481 Mdller,
280 3412 310 3466 in
327 3412 409 3466 rebus
428 3412 521 3467 similis
539 3411 643 3481 figurae
660 3413 761 3469 formas
780 3415 924 3470 dissimiles
941 3415 1057 3469 Reiter
1074 3429 1101 3481 p.
1115 3416 1160 3466 121
1180 3427 1220 3477 sq.
1232 3439 1265 3448 —

124 3503 155 3553 14
173 3497 315 3568 disperiles
332 3496 365 3564 F,
384 3497 506 3566 dispares
524 3495 559 3550 Η.
577 3525 610 3534 -
632 3491 752 3567 ll‘fort.
771 3499 811 3553 sic
829 3494 955 3553 dicimus’
975 3498 1045 3566 LSp.
1065 3528 1098 3537 -
1116 3499 1148 3551 ut
1164 3494 1266 3564 Alphe·

121 3586 194 3645 nam]
213 3585 262 3636 aut
278 3582 388 3652 plenam
406 3581 438 3648 F,
456 3597 527 3636 corr.
540 3580 668 3636 Mbller
684 3598 722 3637 ex
738 3601 765 3653 p.
781 3587 838 3651 178,
852 3589 893 3650 16,
911 3588 960 3639 aut
977 3583 1134 3637 Percelnam
1152 3579 1266 3646 Aldus,

122 3665 174 3721 oid.
200 3665 265 3721 Vlll
289 3668 305 3734 ξ
325 3670 364 3733 81,
395 3669 422 3720 et
447 3665 486 3719 M.
514 3665 633 3720 Laecam
658 3667 741 3736 vulg.
764 3685 802 3723 ex
826 3670 856 3724 B.
885 3699 918 3708 -
946 3671 977 3721 18
996 3666 1110 3722 formam
1132 3664 1165 3732 F,
1195 3678 1266 3717 corr.

119 3749 239 3817 Aldus.
267 3779 300 3788 -
327 3751 415 3807 forma
432 3749 554 3804 Aldus.
572 3749 660 3805 forma
677 3751 764 3806 simile
782 3753 857 3807 Ant.
876 3751 997 3806 Miller.
1020 3745 1100 3821 ‘sort
1124 3749 1212 3804 forma
1228 3747 1266 3803 si-

120 3830 204 3888 milei'
224 3833 296 3903 LSp,
314 3834 391 3904 quod
407 3851 497 3909 oerum
516 3832 568 3912 oid,
588 3833 676 3890 deleto
695 3851 763 3890 esse.
788 3865 819 3874 —
847 3840 878 3890 19
896 3841 985 3904 quom]
1003 3835 1145 3902 Mbllor,
1164 3848 1215 3903 quo
1233 3832 1267 3900 F,

121 3951 235 4003 quorum
254 3936 285 4004 B,
304 3953 365 3991 oum
383 3936 471 4004 vulg.
488 3965 523 3975 —
540 3901 656 4006 discatur
673 3911 706 4005 F,
723 3936 796 3992 audo
812 3941 929 3994 uocatur
946 3937 980 3993 H.
1004 3968 1038 3978 —
1061 3941 1092 3991 20
1112 3935 1148 3990 sit
1164 3935 1265 4003 itaque]

121 4021 160 4076 sio
177 4021 271 4090 itaquo
293 4021 326 4088 F,
353 4036 425 4075 corr.
443 4024 516 4077 Ant.
541 4021 666 4089 Miller,
695 4022 814 4078 Rsiter
830 4038 858 4091 p.
877 4026 919 4078 97.
945 4052 979 4063 -
1006 4024 1036 4076 21
1056 4021 1151 4086 virum]
1176 4023 1266 4075 utrum

120 4105 152 4172 F,
170 4123 242 4161 corr.
261 4106 378 4161 Aldus.
400 4100 469 4159 ‘tale
486 4104 554 4174 quid
569 4107 681 4176 requiro
698 4105 785 4162 forma
802 4111 908 4163 tanturn
925 4102 1022 4164 uirum‘
1040 4106 1112 4174 LSp.
1131 4135 1163 4144 -
1186 4120 1265 4175 prae·

119 4190 247 4259 ponimus
265 4191 321 4260 Bp.
339 4189 378 4261 ef.
396 4189 423 4243 X
441 4192 457 4258 ξ
476 4194 518 4244 80.
536 4221 570 4230 -
588 4194 620 4245 22
639 4191 678 4246 sie
696 4189 747 4245 del.
768 4192 802 4245 A.
822 4192 945 4247 Miller.
961 4192 1082 4263 forsitan
1099 4191 1186 4261 fucrit
1203 4190 1266 4258 Hei,

120 4273 169 4329 sic.
189 4305 221 4315 —
239 4274 393 4344 possumus]
412 4274 450 4344 M,
468 4274 611 4344 Laetus,
627 4274 763 4345 possimus
780 4276 812 4330 F.
832 4306 864 4316 —
883 4279 912 4332 et
927 4278 980 4332 hae
998 4277 1057 4345 Bp,
1074 4278 1161 4346 vulg.
