<?xml version="1.0" encoding="UTF-8"?>
<!DOCTYPE html PUBLIC "-//W3C//DTD XHTML 1.0 Transitional//EN"
    "http://www.w3.org/TR/xhtml1/DTD/xhtml1-transitional.dtd">
<html xmlns="http://www.w3.org/1999/xhtml" xml:lang="en" lang="en">
 <head>
  <title>
</title>
<meta http-equiv="Content-Type" content="text/html;charset=utf-8" />
  <meta name='ocr-system' content='tesseract 3.04.00' />
  <meta name='ocr-capabilities' content='ocr_page ocr_carea ocr_par ocr_line ocrx_word'/>
</head>
<body>
  <div class='ocr_page' id='page_1' title='image "./mterentivarroni00varrgoog_0131.png"; bbox 0 0 3038 5048; ppageno 0'>
   <div class='ocr_carea' id='block_1_1' title="bbox 246 293 1062 364">
    <p class='ocr_par' dir='ltr' id='par_1_1' title="bbox 246 293 1062 364">
     <span class='ocr_line' id='line_1_1' title="bbox 246 293 1062 364; baseline -0.01 -6"><span class='ocrx_word' id='word_1_1' title='bbox 246 295 286 360; x_wconf 81' lang='lat'>30</span> <span class='ocrx_word' id='word_1_2' title='bbox 584 293 698 350; x_wconf 83' lang='lat' dir='ltr'>LIBER</span> <span class='ocrx_word' id='word_1_3' title='bbox 715 293 882 364; x_wconf 79' lang='lat' dir='ltr'><strong>QUINTUS.</strong></span> <span class='ocrx_word' id='word_1_4' title='bbox 918 296 1062 363; x_wconf 71' lang='lat' dir='ltr'>§vu-73.</span> 
     </span>
    </p>
   </div>
   <div class='ocr_carea' id='block_1_2' title="bbox 105 466 1447 2589">
    <p class='ocr_par' dir='ltr' id='par_1_2' title="bbox 243 466 1395 654">
     <span class='ocr_line' id='line_1_2' title="bbox 245 466 1395 555; baseline 0 -20"><span class='ocrx_word' id='word_1_5' title='bbox 245 467 365 535; x_wconf 91' lang='lat' dir='ltr'>maiore</span> <span class='ocrx_word' id='word_1_6' title='bbox 376 466 409 534; x_wconf 94' lang='lat' dir='ltr'>vi</span> <span class='ocrx_word' id='word_1_7' title='bbox 421 484 460 532; x_wconf 89' lang='lat' dir='ltr'>ac</span> <span class='ocrx_word' id='word_1_8' title='bbox 469 466 624 533; x_wconf 90' lang='lat' dir='ltr'>violentia</span> <span class='ocrx_word' id='word_1_9' title='bbox 634 467 792 534; x_wconf 78' lang='lat' dir='ltr'><strong>Volcanus</strong></span> <span class='ocrx_word' id='word_1_10' title='bbox 807 466 919 533; x_wconf 90' lang='lat' dir='ltr'>dictus.</span> <span class='ocrx_word' id='word_1_11' title='bbox 949 467 1000 533; x_wconf 88' lang='lat' dir='ltr'>Ab</span> <span class='ocrx_word' id='word_1_12' title='bbox 1014 487 1051 535; x_wconf 93' lang='lat' dir='ltr'>eo</span> <span class='ocrx_word' id='word_1_13' title='bbox 1068 466 1154 549; x_wconf 90' lang='lat' dir='ltr'>qnod</span> <span class='ocrx_word' id='word_1_14' title='bbox 1167 467 1251 552; x_wconf 88' lang='lat' dir='ltr'>ignis</span> <span class='ocrx_word' id='word_1_15' title='bbox 1263 474 1395 555; x_wconf 90' lang='lat' dir='ltr'>propter</span> 
     </span>
     <span class='ocr_line' id='line_1_3' title="bbox 243 567 1391 654; baseline 0.003 -20"><span class='ocrx_word' id='word_1_16' title='bbox 243 567 447 654; x_wconf 77' lang='lat' dir='ltr'>splendorem</span> <span class='ocrx_word' id='word_1_17' title='bbox 468 567 578 652; x_wconf 84' lang='lat' dir='ltr'>fulget,</span> <span class='ocrx_word' id='word_1_18' title='bbox 600 568 721 654; x_wconf 90' lang='lat' dir='ltr'>Fulgur</span> <span class='ocrx_word' id='word_1_19' title='bbox 742 575 774 636; x_wconf 91' lang='lat' dir='ltr'>et</span> <span class='ocrx_word' id='word_1_20' title='bbox 790 569 926 636; x_wconf 79' lang='lat' dir='ltr'><strong>Fulmen</strong></span> <span class='ocrx_word' id='word_1_21' title='bbox 949 576 980 636; x_wconf 88' lang='lat' dir='ltr'>et</span> <span class='ocrx_word' id='word_1_22' title='bbox 998 569 1204 652; x_wconf 72' lang='lat' dir='ltr'>uulgarium,</span> <span class='ocrx_word' id='word_1_23' title='bbox 1229 570 1316 652; x_wconf 89' lang='lat' dir='ltr'>qnod</span> <span class='ocrx_word' id='word_1_24' title='bbox 1330 570 1391 637; x_wconf 90' lang='lat' dir='ltr'>ful-</span> 
     </span>
    </p>

    <p class='ocr_par' dir='ltr' id='par_1_3' title="bbox 138 668 1393 858">
     <span class='ocr_line' id='line_1_4' title="bbox 138 668 1391 756; baseline 0.004 -21"><span class='ocrx_word' id='word_1_25' title='bbox 138 674 158 754; x_wconf 59' lang='lat' dir='ltr'>g</span> <span class='ocrx_word' id='word_1_26' title='bbox 182 675 219 735; x_wconf 85' lang='grc'>71</span> <span class='ocrx_word' id='word_1_27' title='bbox 243 671 329 737; x_wconf 92' lang='lat' dir='ltr'>mine</span> <span class='ocrx_word' id='word_1_28' title='bbox 350 669 449 736; x_wconf 88' lang='lat' dir='ltr'>ictum</span> <span class='ocrx_word' id='word_1_29' title='bbox 471 668 637 736; x_wconf 74' lang='lat' dir='ltr'><strong>contrariis</strong></span> <span class='ocrx_word' id='word_1_30' title='bbox 653 668 724 735; x_wconf 89' lang='lat' dir='ltr'>diis.</span> <span class='ocrx_word' id='word_1_31' title='bbox 790 670 841 737; x_wconf 84' lang='lat' dir='ltr'>Ab</span> <span class='ocrx_word' id='word_1_32' title='bbox 856 689 959 752; x_wconf 88' lang='lat' dir='ltr'>aquae</span> <span class='ocrx_word' id='word_1_33' title='bbox 982 671 1074 756; x_wconf 88' lang='lat' dir='ltr'>lapsu</span> <span class='ocrx_word' id='word_1_34' title='bbox 1096 670 1218 739; x_wconf 88' lang='lat' dir='ltr'>lubrico</span> <span class='ocrx_word' id='word_1_35' title='bbox 1233 672 1391 756; x_wconf 80' lang='lat' dir='ltr'><strong>Lympha.</strong></span> 
     </span>
     <span class='ocr_line' id='line_1_5' title="bbox 245 771 1393 858; baseline 0.001 -19"><span class='ocrx_word' id='word_1_36' title='bbox 245 771 392 858; x_wconf 85' lang='lat' dir='ltr'><strong>Lympha</strong></span> <span class='ocrx_word' id='word_1_37' title='bbox 414 772 545 838; x_wconf 85' lang='lat' dir='ltr'>Iuturna</span> <span class='ocrx_word' id='word_1_38' title='bbox 572 790 654 853; x_wconf 88' lang='lat' dir='ltr'>quae</span> <span class='ocrx_word' id='word_1_39' title='bbox 681 772 821 856; x_wconf 83' lang='lat' dir='ltr'>iuvaret3</span> <span class='ocrx_word' id='word_1_40' title='bbox 856 772 964 853; x_wconf 90' lang='lat' dir='ltr'>itaque</span> <span class='ocrx_word' id='word_1_41' title='bbox 992 773 1083 839; x_wconf 93' lang='lat' dir='ltr'>multi</span> <span class='ocrx_word' id='word_1_42' title='bbox 1111 773 1234 856; x_wconf 79' lang='lat' dir='ltr'>aegroti</span> <span class='ocrx_word' id='word_1_43' title='bbox 1261 780 1393 858; x_wconf 92' lang='lat' dir='ltr'>propter</span> 
     </span>
    </p>

    <p class='ocr_par' dir='ltr' id='par_1_4' title="bbox 105 872 1425 1161">
     <span class='ocr_line' id='line_1_6' title="bbox 105 872 1425 958; baseline 0.004 -24"><span class='ocrx_word' id='word_1_44' title='bbox 105 891 170 946; x_wconf 59' lang='lat' dir='ltr'>reu</span> <span class='ocrx_word' id='word_1_45' title='bbox 179 890 236 945; x_wconf 69' lang='grc'><strong>111)</strong></span> <span class='ocrx_word' id='word_1_46' title='bbox 245 873 279 940; x_wconf 86' lang='lat' dir='ltr'>id</span> <span class='ocrx_word' id='word_1_47' title='bbox 301 893 417 940; x_wconf 92' lang='lat' dir='ltr'>nomen</span> <span class='ocrx_word' id='word_1_48' title='bbox 439 872 513 937; x_wconf 91' lang='lat' dir='ltr'>hinc</span> <span class='ocrx_word' id='word_1_49' title='bbox 535 892 653 956; x_wconf 86' lang='lat' dir='ltr'>aquam</span> <span class='ocrx_word' id='word_1_50' title='bbox 674 879 783 958; x_wconf 90' lang='lat' dir='ltr'>petere</span> <span class='ocrx_word' id='word_1_51' title='bbox 805 874 918 941; x_wconf 89' lang='lat' dir='ltr'>solent.</span> <span class='ocrx_word' id='word_1_52' title='bbox 961 874 1147 941; x_wconf 89' lang='lat' dir='ltr'>Afontibus</span> <span class='ocrx_word' id='word_1_53' title='bbox 1161 879 1194 940; x_wconf 91' lang='lat' dir='ltr'>et</span> <span class='ocrx_word' id='word_1_54' title='bbox 1207 873 1425 942; x_wconf 78' lang='lat' dir='ltr'>fluminibuss</span> 
     </span>
     <span class='ocr_line' id='line_1_7' title="bbox 245 974 1392 1059; baseline -0.001 -15"><span class='ocrx_word' id='word_1_55' title='bbox 245 997 283 1044; x_wconf 91' lang='lat' dir='ltr'>ac</span> <span class='ocrx_word' id='word_1_56' title='bbox 306 974 420 1042; x_wconf 88' lang='lat' dir='ltr'>ceteris</span> <span class='ocrx_word' id='word_1_57' title='bbox 442 975 535 1057; x_wconf 89' lang='lat' dir='ltr'>aquis</span> <span class='ocrx_word' id='word_1_58' title='bbox 557 974 611 1040; x_wconf 88' lang='lat' dir='ltr'>dei</span> <span class='ocrx_word' id='word_1_59' title='bbox 632 981 667 1040; x_wconf 94' lang='lat' dir='ltr'>ut</span> <span class='ocrx_word' id='word_1_60' title='bbox 688 975 857 1043; x_wconf 82' lang='lat' dir='ltr'>Tiberinus</span> <span class='ocrx_word' id='word_1_61' title='bbox 878 976 919 1041; x_wconf 90' lang='lat' dir='ltr'>ab</span> <span class='ocrx_word' id='word_1_62' title='bbox 940 975 1058 1059; x_wconf 79' lang='lat' dir='ltr'>Tiberi,</span> <span class='ocrx_word' id='word_1_63' title='bbox 1081 982 1113 1042; x_wconf 93' lang='lat' dir='ltr'>et</span> <span class='ocrx_word' id='word_1_64' title='bbox 1135 977 1176 1042; x_wconf 92' lang='lat' dir='ltr'>ab</span> <span class='ocrx_word' id='word_1_65' title='bbox 1199 977 1271 1042; x_wconf 90' lang='lat' dir='ltr'>laon</span> <span class='ocrx_word' id='word_1_66' title='bbox 1286 976 1392 1043; x_wconf 91' lang='lat' dir='ltr'>Velini</span> 
     </span>
     <span class='ocr_line' id='line_1_8' title="bbox 244 1075 1390 1161; baseline 0 -17"><span class='ocrx_word' id='word_1_67' title='bbox 244 1077 380 1160; x_wconf 88' lang='lat' dir='ltr'>Velinia,</span> <span class='ocrx_word' id='word_1_68' title='bbox 403 1082 435 1142; x_wconf 91' lang='lat' dir='ltr'>et</span> <span class='ocrx_word' id='word_1_69' title='bbox 456 1075 623 1161; x_wconf 79' lang='lat' dir='ltr'><strong>Lymphae</strong></span> <span class='ocrx_word' id='word_1_70' title='bbox 639 1076 836 1147; x_wconf 80' lang='lat' dir='ltr'>Commotiae</span> <span class='ocrx_word' id='word_1_71' title='bbox 858 1076 901 1144; x_wconf 86' lang='lat' dir='ltr'>ad</span> <span class='ocrx_word' id='word_1_72' title='bbox 924 1078 1028 1144; x_wconf 88' lang='lat' dir='ltr'>lacum</span> <span class='ocrx_word' id='word_1_73' title='bbox 1044 1077 1249 1146; x_wconf 77' lang='lat' dir='ltr'>Cutiliensem</span> <span class='ocrx_word' id='word_1_74' title='bbox 1271 1098 1390 1146; x_wconf 89' lang='lat' dir='ltr'>acom-</span> 
     </span>
    </p>

    <p class='ocr_par' dir='ltr' id='par_1_5' title="bbox 137 1177 1447 1570">
     <span class='ocr_line' id='line_1_9' title="bbox 137 1177 1392 1266; baseline -0.001 -19"><span class='ocrx_word' id='word_1_75' title='bbox 137 1187 157 1266; x_wconf 64' lang='grc'>5</span> <span class='ocrx_word' id='word_1_76' title='bbox 181 1185 220 1247; x_wconf 82' lang='lat'>72</span> <span class='ocrx_word' id='word_1_77' title='bbox 242 1188 340 1264; x_wconf 90' lang='lat' dir='ltr'>motu,</span> <span class='ocrx_word' id='word_1_78' title='bbox 363 1177 449 1261; x_wconf 89' lang='lat' dir='ltr'>quod</span> <span class='ocrx_word' id='word_1_79' title='bbox 469 1177 517 1243; x_wconf 92' lang='lat' dir='ltr'>ibi</span> <span class='ocrx_word' id='word_1_80' title='bbox 538 1178 644 1244; x_wconf 90' lang='lat' dir='ltr'>insula</span> <span class='ocrx_word' id='word_1_81' title='bbox 664 1177 699 1245; x_wconf 93' lang='lat' dir='ltr'>in</span> <span class='ocrx_word' id='word_1_82' title='bbox 719 1197 805 1260; x_wconf 89' lang='lat' dir='ltr'>aqua</span> <span class='ocrx_word' id='word_1_83' title='bbox 824 1186 1049 1247; x_wconf 90' lang='lat' dir='ltr'>commovetur.</span> <span class='ocrx_word' id='word_1_84' title='bbox 1115 1181 1282 1265; x_wconf 81' lang='lat' dir='ltr'>Neptunus</span> <span class='ocrx_word' id='word_1_85' title='bbox 1304 1181 1392 1262; x_wconf 89' lang='lat' dir='ltr'>quod</span> 
     </span>
     <span class='ocr_line' id='line_1_10' title="bbox 244 1279 1391 1368; baseline 0.003 -20"><span class='ocrx_word' id='word_1_86' title='bbox 244 1301 332 1348; x_wconf 89' lang='lat' dir='ltr'>mare</span> <span class='ocrx_word' id='word_1_87' title='bbox 353 1286 455 1347; x_wconf 88' lang='lat' dir='ltr'>terras</span> <span class='ocrx_word' id='word_1_88' title='bbox 477 1279 611 1348; x_wconf 86' lang='lat' dir='ltr'>obnubit</span> <span class='ocrx_word' id='word_1_89' title='bbox 632 1285 667 1345; x_wconf 93' lang='lat' dir='ltr'>ut</span> <span class='ocrx_word' id='word_1_90' title='bbox 688 1281 789 1348; x_wconf 88' lang='lat' dir='ltr'>nubes</span> <span class='ocrx_word' id='word_1_91' title='bbox 812 1282 946 1366; x_wconf 90' lang='lat' dir='ltr'>caelum,</span> <span class='ocrx_word' id='word_1_92' title='bbox 968 1282 1010 1347; x_wconf 92' lang='lat' dir='ltr'>ab</span> <span class='ocrx_word' id='word_1_93' title='bbox 1033 1287 1143 1366; x_wconf 91' lang='lat' dir='ltr'>nuptu,</span> <span class='ocrx_word' id='word_1_94' title='bbox 1171 1281 1206 1348; x_wconf 87' lang='lat' dir='ltr'>id</span> <span class='ocrx_word' id='word_1_95' title='bbox 1229 1289 1277 1349; x_wconf 88' lang='lat' dir='ltr'>est</span> <span class='ocrx_word' id='word_1_96' title='bbox 1299 1302 1391 1368; x_wconf 92' lang='lat' dir='ltr'>oper·</span> 
     </span>
     <span class='ocr_line' id='line_1_11' title="bbox 245 1381 1447 1469; baseline 0 -19"><span class='ocrx_word' id='word_1_97' title='bbox 245 1384 341 1466; x_wconf 91' lang='lat' dir='ltr'>tione,</span> <span class='ocrx_word' id='word_1_98' title='bbox 357 1387 392 1449; x_wconf 92' lang='lat' dir='ltr'>ut</span> <span class='ocrx_word' id='word_1_99' title='bbox 402 1381 534 1466; x_wconf 89' lang='lat' dir='ltr'>antiqui,</span> <span class='ocrx_word' id='word_1_100' title='bbox 550 1401 571 1447; x_wconf 89' lang='lat' dir='ltr'>a</span> <span class='ocrx_word' id='word_1_101' title='bbox 585 1401 647 1465; x_wconf 89' lang='lat' dir='ltr'>quo</span> <span class='ocrx_word' id='word_1_102' title='bbox 660 1382 810 1466; x_wconf 89' lang='lat' dir='ltr'>Nuptiae,</span> <span class='ocrx_word' id='word_1_103' title='bbox 825 1383 857 1449; x_wconf 92' lang='lat' dir='ltr'>N</span> <span class='ocrx_word' id='word_1_104' title='bbox 858 1390 951 1467; x_wconf 91' lang='lat' dir='ltr'>uptus</span> <span class='ocrx_word' id='word_1_105' title='bbox 965 1381 1076 1449; x_wconf 89' lang='lat' dir='ltr'>dictus.</span> <span class='ocrx_word' id='word_1_106' title='bbox 1111 1382 1240 1451; x_wconf 88' lang='lat' dir='ltr'>Salacia</span> <span class='ocrx_word' id='word_1_107' title='bbox 1251 1385 1392 1469; x_wconf 89' lang='lat' dir='ltr'>Neptuni</span> <span class='ocrx_word' id='word_1_108' title='bbox 1416 1398 1447 1450; x_wconf 86' lang='lat' dir='ltr'>ru</span> 
     </span>
     <span class='ocr_line' id='line_1_12' title="bbox 245 1483 1390 1570; baseline 0.002 -20"><span class='ocrx_word' id='word_1_109' title='bbox 245 1484 287 1551; x_wconf 89' lang='lat' dir='ltr'>ab</span> <span class='ocrx_word' id='word_1_110' title='bbox 303 1487 381 1554; x_wconf 85' lang='lat' dir='ltr'>salo.</span> <span class='ocrx_word' id='word_1_111' title='bbox 415 1483 549 1551; x_wconf 90' lang='lat' dir='ltr'>Veneha</span> <span class='ocrx_word' id='word_1_112' title='bbox 564 1503 584 1549; x_wconf 92' lang='lat' dir='ltr'>a</span> <span class='ocrx_word' id='word_1_113' title='bbox 598 1484 756 1551; x_wconf 89' lang='lat' dir='ltr'>veniendo</span> <span class='ocrx_word' id='word_1_114' title='bbox 777 1503 817 1550; x_wconf 92' lang='lat' dir='ltr'>ac</span> <span class='ocrx_word' id='word_1_115' title='bbox 830 1491 926 1552; x_wconf 91' lang='lat' dir='ltr'>ventu</span> <span class='ocrx_word' id='word_1_116' title='bbox 946 1484 1013 1570; x_wconf 90' lang='lat' dir='ltr'>illo,</span> <span class='ocrx_word' id='word_1_117' title='bbox 1035 1505 1130 1569; x_wconf 90' lang='lat' dir='ltr'>quem</span> <span class='ocrx_word' id='word_1_118' title='bbox 1144 1485 1277 1553; x_wconf 91' lang='lat' dir='ltr'>Plautus</span> <span class='ocrx_word' id='word_1_119' title='bbox 1299 1484 1390 1552; x_wconf 85' lang='lat' dir='ltr'>dicit:</span> 
     </span>
    </p>

    <p class='ocr_par' dir='ltr' id='par_1_6' title="bbox 106 1582 1391 1871">
     <span class='ocr_line' id='line_1_13' title="bbox 106 1582 1391 1673; baseline -0.004 -16"><span class='ocrx_word' id='word_1_120' title='bbox 106 1612 239 1667; x_wconf 61' lang='grc'><strong>(1111111</strong></span> <span class='ocrx_word' id='word_1_121' title='bbox 371 1585 484 1669; x_wconf 83' lang='lat' dir='ltr'>Quod</span> <span class='ocrx_word' id='word_1_122' title='bbox 515 1585 575 1652; x_wconf 93' lang='lat' dir='ltr'>ibi</span> <span class='ocrx_word' id='word_1_123' title='bbox 608 1583 718 1651; x_wconf 86' lang='lat' dir='ltr'>dixit</span> <span class='ocrx_word' id='word_1_124' title='bbox 750 1586 817 1670; x_wconf 89' lang='lat' dir='ltr'>qui</span> <span class='ocrx_word' id='word_1_125' title='bbox 848 1585 1027 1654; x_wconf 90' lang='lat' dir='ltr'>secundo</span> <span class='ocrx_word' id='word_1_126' title='bbox 1057 1582 1199 1673; x_wconf 88' lang='lat' dir='ltr'>[vento]</span> <span class='ocrx_word' id='word_1_127' title='bbox 1228 1594 1391 1655; x_wconf 79' lang='lat' dir='ltr'>vectust</span> 
     </span>
     <span class='ocr_line' id='line_1_14' title="bbox 1023 1689 1390 1774; baseline 0.005 -22"><span class='ocrx_word' id='word_1_128' title='bbox 1023 1689 1251 1770; x_wconf 89' lang='lat' dir='ltr'>tranquillo</span> <span class='ocrx_word' id='word_1_129' title='bbox 1275 1690 1390 1774; x_wconf 89' lang='lat' dir='ltr'>mari,</span> 
     </span>
     <span class='ocr_line' id='line_1_15' title="bbox 370 1788 725 1871; baseline -0.006 -13"><span class='ocrx_word' id='word_1_130' title='bbox 370 1791 535 1858; x_wconf 89' lang='lat' dir='ltr'>Ventum</span> <span class='ocrx_word' id='word_1_131' title='bbox 557 1788 725 1871; x_wconf 90' lang='lat' dir='ltr'>gaudeo.</span> 
     </span>
    </p>

    <p class='ocr_par' dir='ltr' id='par_1_7' title="bbox 136 1890 1445 2386">
     <span class='ocr_line' id='line_1_16' title="bbox 136 1890 1445 1980; baseline -0.002 -16"><span class='ocrx_word' id='word_1_132' title='bbox 136 1901 156 1980; x_wconf 65' lang='grc' dir='ltr'>ξ</span> <span class='ocrx_word' id='word_1_133' title='bbox 179 1901 218 1964; x_wconf 83' lang='lat'>73</span> <span class='ocrx_word' id='word_1_134' title='bbox 243 1895 381 1962; x_wconf 86' lang='lat' dir='ltr'>Bellona</span> <span class='ocrx_word' id='word_1_135' title='bbox 402 1893 444 1959; x_wconf 90' lang='lat' dir='ltr'>ab</span> <span class='ocrx_word' id='word_1_136' title='bbox 466 1891 553 1959; x_wconf 91' lang='lat' dir='ltr'>bello</span> <span class='ocrx_word' id='word_1_137' title='bbox 575 1911 674 1976; x_wconf 88' lang='lat' dir='ltr'>nuno,</span> <span class='ocrx_word' id='word_1_138' title='bbox 697 1911 779 1976; x_wconf 89' lang='lat' dir='ltr'>quae</span> <span class='ocrx_word' id='word_1_139' title='bbox 801 1891 961 1959; x_wconf 90' lang='lat' dir='ltr'>Duellona</span> <span class='ocrx_word' id='word_1_140' title='bbox 981 1911 1003 1956; x_wconf 92' lang='lat' dir='ltr'>a</span> <span class='ocrx_word' id='word_1_141' title='bbox 1024 1890 1141 1960; x_wconf 90' lang='lat' dir='ltr'>duello.</span> <span class='ocrx_word' id='word_1_142' title='bbox 1178 1892 1264 1958; x_wconf 86' lang='lat' dir='ltr'>liare</span> <span class='ocrx_word' id='word_1_143' title='bbox 1286 1892 1328 1959; x_wconf 93' lang='lat' dir='ltr'>ab</span> <span class='ocrx_word' id='word_1_144' title='bbox 1351 1913 1390 1961; x_wconf 95' lang='lat' dir='ltr'>eo</span> <span class='ocrx_word' id='word_1_145' title='bbox 1415 1911 1445 1962; x_wconf 79' lang='lat' dir='ltr'>rs</span> 
     </span>
     <span class='ocr_line' id='line_1_17' title="bbox 244 1991 1391 2081; baseline -0.003 -18"><span class='ocrx_word' id='word_1_146' title='bbox 244 1995 331 2081; x_wconf 89' lang='lat' dir='ltr'>qnod</span> <span class='ocrx_word' id='word_1_147' title='bbox 360 1993 501 2061; x_wconf 91' lang='lat' dir='ltr'>maribus</span> <span class='ocrx_word' id='word_1_148' title='bbox 530 1991 564 2058; x_wconf 94' lang='lat' dir='ltr'>in</span> <span class='ocrx_word' id='word_1_149' title='bbox 591 1992 678 2060; x_wconf 89' lang='lat' dir='ltr'>bello</span> <span class='ocrx_word' id='word_1_150' title='bbox 708 1998 850 2078; x_wconf 88' lang='lat' dir='ltr'>praeest,</span> <span class='ocrx_word' id='word_1_151' title='bbox 884 2001 938 2061; x_wconf 91' lang='lat' dir='ltr'>aut</span> <span class='ocrx_word' id='word_1_152' title='bbox 968 1993 1054 2076; x_wconf 88' lang='lat' dir='ltr'>qnod</span> <span class='ocrx_word' id='word_1_153' title='bbox 1082 1993 1210 2061; x_wconf 86' lang='lat' dir='ltr'>Sabinis</span> <span class='ocrx_word' id='word_1_154' title='bbox 1238 2000 1391 2079; x_wconf 89' lang='lat' dir='ltr'>acceptus</span> 
     </span>
     <span class='ocr_line' id='line_1_18' title="bbox 243 2094 1391 2174; baseline -0.003 -10"><span class='ocrx_word' id='word_1_155' title='bbox 243 2098 289 2165; x_wconf 94' lang='lat' dir='ltr'>ibi</span> <span class='ocrx_word' id='word_1_156' title='bbox 319 2103 368 2164; x_wconf 93' lang='lat' dir='ltr'>est</span> <span class='ocrx_word' id='word_1_157' title='bbox 396 2097 542 2163; x_wconf 88' lang='lat' dir='ltr'>Mamers.</span> <span class='ocrx_word' id='word_1_158' title='bbox 585 2094 735 2174; x_wconf 81' lang='lat' dir='ltr'>Quirinus</span> <span class='ocrx_word' id='word_1_159' title='bbox 763 2115 784 2160; x_wconf 90' lang='lat' dir='ltr'>a</span> <span class='ocrx_word' id='word_1_160' title='bbox 814 2094 997 2174; x_wconf 81' lang='lat' dir='ltr'>Quiritibus.</span> <span class='ocrx_word' id='word_1_161' title='bbox 1042 2095 1150 2162; x_wconf 88' lang='lat' dir='ltr'>Virtus</span> <span class='ocrx_word' id='word_1_162' title='bbox 1179 2102 1213 2161; x_wconf 92' lang='lat' dir='ltr'>ut</span> <span class='ocrx_word' id='word_1_163' title='bbox 1233 2094 1391 2163; x_wconf 90' lang='lat' dir='ltr'>viritnsa</span> 
     </span>
     <span class='ocr_line' id='line_1_19' title="bbox 244 2196 1390 2282; baseline -0.005 -14"><span class='ocrx_word' id='word_1_164' title='bbox 244 2199 405 2268; x_wconf 84' lang='lat' dir='ltr'>virilitate.</span> <span class='ocrx_word' id='word_1_165' title='bbox 448 2197 558 2264; x_wconf 90' lang='lat' dir='ltr'>Honos</span> <span class='ocrx_word' id='word_1_166' title='bbox 581 2199 622 2264; x_wconf 91' lang='lat' dir='ltr'>ab</span> <span class='ocrx_word' id='word_1_167' title='bbox 645 2197 779 2265; x_wconf 90' lang='lat' dir='ltr'>honesto</span> <span class='ocrx_word' id='word_1_168' title='bbox 802 2217 915 2282; x_wconf 73' lang='lat' dir='ltr'>onere,</span> <span class='ocrx_word' id='word_1_169' title='bbox 944 2196 1053 2279; x_wconf 89' lang='lat' dir='ltr'>itaque</span> <span class='ocrx_word' id='word_1_170' title='bbox 1074 2196 1251 2264; x_wconf 87' lang='lat' dir='ltr'>Honestum</span> <span class='ocrx_word' id='word_1_171' title='bbox 1274 2196 1390 2266; x_wconf 90' lang='lat' dir='ltr'>dicitur</span> 
     </span>
     <span class='ocr_line' id='line_1_20' title="bbox 243 2298 733 2386; baseline -0.01 -16"><span class='ocrx_word' id='word_1_172' title='bbox 243 2300 328 2386; x_wconf 91' lang='lat' dir='ltr'>quod</span> <span class='ocrx_word' id='word_1_173' title='bbox 351 2306 524 2384; x_wconf 89' lang='lat' dir='ltr'>oneratum,</span> <span class='ocrx_word' id='word_1_174' title='bbox 547 2306 578 2366; x_wconf 90' lang='lat' dir='ltr'>et</span> <span class='ocrx_word' id='word_1_175' title='bbox 601 2298 733 2366; x_wconf 89' lang='lat' dir='ltr'>dictum:</span> 
     </span>
    </p>

    <p class='ocr_par' dir='ltr' id='par_1_8' title="bbox 243 2400 1440 2589">
     <span class='ocr_line' id='line_1_21' title="bbox 369 2400 1440 2485; baseline 0.003 -16"><span class='ocrx_word' id='word_1_176' title='bbox 369 2403 476 2470; x_wconf 89' lang='lat' dir='ltr'>Onus</span> <span class='ocrx_word' id='word_1_177' title='bbox 498 2409 559 2469; x_wconf 90' lang='lat' dir='ltr'>est</span> <span class='ocrx_word' id='word_1_178' title='bbox 581 2401 708 2467; x_wconf 91' lang='lat' dir='ltr'>honos</span> <span class='ocrx_word' id='word_1_179' title='bbox 731 2401 799 2482; x_wconf 92' lang='lat' dir='ltr'>qui</span> <span class='ocrx_word' id='word_1_180' title='bbox 820 2400 1001 2467; x_wconf 90' lang='lat' dir='ltr'>sustinet</span> <span class='ocrx_word' id='word_1_181' title='bbox 1023 2421 1105 2468; x_wconf 90' lang='lat' dir='ltr'>rem</span> <span class='ocrx_word' id='word_1_182' title='bbox 1126 2401 1344 2485; x_wconf 87' lang='lat' dir='ltr'>publicam.</span> <span class='ocrx_word' id='word_1_183' title='bbox 1409 2420 1440 2472; x_wconf 80' lang='lat' dir='ltr'>ro</span> 
     </span>
     <span class='ocr_line' id='line_1_22' title="bbox 243 2501 1387 2589; baseline -0.003 -15"><span class='ocrx_word' id='word_1_184' title='bbox 243 2506 384 2576; x_wconf 80' lang='lat' dir='ltr'>Castoris</span> <span class='ocrx_word' id='word_1_185' title='bbox 406 2525 522 2571; x_wconf 88' lang='lat' dir='ltr'>numen</span> <span class='ocrx_word' id='word_1_186' title='bbox 544 2522 705 2589; x_wconf 88' lang='lat' dir='ltr'>graecum,</span> <span class='ocrx_word' id='word_1_187' title='bbox 725 2502 867 2569; x_wconf 85' lang='lat' dir='ltr'>Pollucis</span> <span class='ocrx_word' id='word_1_188' title='bbox 882 2523 903 2568; x_wconf 89' lang='lat' dir='ltr'>a</span> <span class='ocrx_word' id='word_1_189' title='bbox 918 2501 1065 2587; x_wconf 74' lang='lat' dir='ltr'>Graecis,</span> <span class='ocrx_word' id='word_1_190' title='bbox 1087 2502 1121 2569; x_wconf 92' lang='lat' dir='ltr'>in</span> <span class='ocrx_word' id='word_1_191' title='bbox 1142 2503 1251 2570; x_wconf 90' lang='lat' dir='ltr'>latinis</span> <span class='ocrx_word' id='word_1_192' title='bbox 1272 2501 1387 2570; x_wconf 89' lang='lat' dir='ltr'>litteris</span> 
     </span>
    </p>
   </div>
   <div class='ocr_carea' id='block_1_3' title="bbox 241 2603 1387 2693">
    <p class='ocr_par' dir='ltr' id='par_1_9' title="bbox 241 2603 1387 2693">
     <span class='ocr_line' id='line_1_23' title="bbox 241 2603 1387 2693; baseline -0.003 -20"><span class='ocrx_word' id='word_1_193' title='bbox 241 2608 402 2674; x_wconf 91' lang='lat' dir='ltr'>veteribus</span> <span class='ocrx_word' id='word_1_194' title='bbox 423 2626 539 2672; x_wconf 92' lang='lat' dir='ltr'>nomen</span> <span class='ocrx_word' id='word_1_195' title='bbox 562 2603 649 2686; x_wconf 86' lang='lat' dir='ltr'>quod</span> <span class='ocrx_word' id='word_1_196' title='bbox 672 2610 729 2687; x_wconf 88' lang='lat' dir='ltr'>est,</span> <span class='ocrx_word' id='word_1_197' title='bbox 751 2603 935 2671; x_wconf 86' lang='lat' dir='ltr'>inscribitur</span> <span class='ocrx_word' id='word_1_198' title='bbox 954 2609 989 2670; x_wconf 94' lang='lat' dir='ltr'>ut</span> <span class='ocrx_word' id='word_1_199' title='bbox 1003 2603 1214 2693; x_wconf 78' lang='grc' dir='ltr'><strong><em>Πολυδεύκης</em></strong></span> <span class='ocrx_word' id='word_1_200' title='bbox 1229 2605 1387 2688; x_wconf 85' lang='lat' dir='ltr'>Polluces,</span> 
     </span>
    </p>
   </div>
   <div class='ocr_carea' id='block_1_4' title="bbox 128 2738 1388 4335">
    <p class='ocr_par' dir='ltr' id='par_1_10' title="bbox 238 2738 1388 3821">
     <span class='ocr_line' id='line_1_24' title="bbox 329 2738 1386 2813; baseline -0.001 -18"><span class='ocrx_word' id='word_1_201' title='bbox 329 2746 341 2795; x_wconf 91' lang='lat'>1</span> <span class='ocrx_word' id='word_1_202' title='bbox 359 2739 462 2795; x_wconf 81' lang='lat' dir='ltr'>maiore</span> <span class='ocrx_word' id='word_1_203' title='bbox 479 2740 514 2804; x_wconf 92' lang='lat' dir='ltr'>vi]</span> <span class='ocrx_word' id='word_1_204' title='bbox 538 2739 630 2795; x_wconf 87' lang='lat' dir='ltr'>valore</span> <span class='ocrx_word' id='word_1_205' title='bbox 647 2739 727 2808; x_wconf 91' lang='lat' dir='ltr'>vique</span> <span class='ocrx_word' id='word_1_206' title='bbox 743 2739 776 2806; x_wconf 90' lang='lat' dir='ltr'>B,</span> <span class='ocrx_word' id='word_1_207' title='bbox 794 2738 881 2808; x_wconf 86' lang='lat' dir='ltr'>vulg.</span> <span class='ocrx_word' id='word_1_208' title='bbox 900 2740 929 2792; x_wconf 80' lang='lat' dir='ltr'>r&#39;rr</span> <span class='ocrx_word' id='word_1_209' title='bbox 946 2756 1033 2811; x_wconf 76' lang='lat' dir='ltr'>murq.</span> <span class='ocrx_word' id='word_1_210' title='bbox 1059 2768 1095 2780; x_wconf 91' lang='lat'><em>-</em></span> <span class='ocrx_word' id='word_1_211' title='bbox 1121 2742 1136 2793; x_wconf 85' lang='lat'><strong>2</strong></span> <span class='ocrx_word' id='word_1_212' title='bbox 1154 2739 1254 2809; x_wconf 88' lang='lat' dir='ltr'>fulgur]</span> <span class='ocrx_word' id='word_1_213' title='bbox 1278 2741 1386 2813; x_wconf 82' lang='lat' dir='ltr'>scripsi,</span> 
     </span>
     <span class='ocr_line' id='line_1_25' title="bbox 241 2824 1388 2894; baseline 0 -13"><span class='ocrx_word' id='word_1_214' title='bbox 241 2825 332 2894; x_wconf 86' lang='lat' dir='ltr'>fulgor</span> <span class='ocrx_word' id='word_1_215' title='bbox 349 2824 440 2879; x_wconf 85' lang='lat' dir='ltr'>libri.</span> <span class='ocrx_word' id='word_1_216' title='bbox 458 2854 492 2865; x_wconf 87' lang='lat'><em>-</em></span> <span class='ocrx_word' id='word_1_217' title='bbox 513 2828 541 2879; x_wconf 94' lang='grc'>11</span> <span class='ocrx_word' id='word_1_218' title='bbox 558 2824 725 2893; x_wconf 86' lang='lat' dir='ltr'>fulguritum]</span> <span class='ocrx_word' id='word_1_219' title='bbox 745 2824 943 2891; x_wconf 86' lang='lat' dir='ltr'>Turnebus,</span> <span class='ocrx_word' id='word_1_220' title='bbox 971 2827 1000 2878; x_wconf 91' lang='lat' dir='ltr'>et</span> <span class='ocrx_word' id='word_1_221' title='bbox 1016 2824 1107 2893; x_wconf 80' lang='lat' dir='ltr'>fulgur</span> <span class='ocrx_word' id='word_1_222' title='bbox 1123 2824 1223 2894; x_wconf 89' lang='lat' dir='ltr'>libri,</span> <span class='ocrx_word' id='word_1_223' title='bbox 1249 2829 1277 2880; x_wconf 91' lang='lat' dir='ltr'>et</span> <span class='ocrx_word' id='word_1_224' title='bbox 1294 2824 1388 2894; x_wconf 86' lang='lat' dir='ltr'>fulgur</span> 
     </span>
     <span class='ocr_line' id='line_1_26' title="bbox 241 2907 1386 2978; baseline -0.002 -12"><span class='ocrx_word' id='word_1_225' title='bbox 241 2914 269 2966; x_wconf 88' lang='lat' dir='ltr'>et</span> <span class='ocrx_word' id='word_1_226' title='bbox 286 2908 448 2977; x_wconf 84' lang='lat' dir='ltr'>fulguritum</span> <span class='ocrx_word' id='word_1_227' title='bbox 465 2907 598 2963; x_wconf 87' lang='lat' dir='ltr'>Mhller.</span> <span class='ocrx_word' id='word_1_228' title='bbox 612 2937 643 2948; x_wconf 88' lang='lat'>-</span> <span class='ocrx_word' id='word_1_229' title='bbox 662 2912 677 2962; x_wconf 87' lang='lat'><strong>3</strong></span> <span class='ocrx_word' id='word_1_230' title='bbox 696 2909 789 2973; x_wconf 90' lang='lat' dir='ltr'>ictum]</span> <span class='ocrx_word' id='word_1_231' title='bbox 807 2909 880 2963; x_wconf 91' lang='grc'><strong>111111</strong></span> <span class='ocrx_word' id='word_1_232' title='bbox 898 2908 1022 2963; x_wconf 89' lang='lat' dir='ltr'>Phaeton</span> <span class='ocrx_word' id='word_1_233' title='bbox 1039 2909 1127 2978; x_wconf 86' lang='lat' dir='ltr'>vulg.</span> <span class='ocrx_word' id='word_1_234' title='bbox 1141 2925 1178 2964; x_wconf 81' lang='grc'>111</span> <span class='ocrx_word' id='word_1_235' title='bbox 1190 2911 1222 2965; x_wconf 93' lang='grc' dir='ltr'>Β.</span> <span class='ocrx_word' id='word_1_236' title='bbox 1240 2940 1274 2948; x_wconf 96' lang='grc'><strong>-</strong></span> <span class='ocrx_word' id='word_1_237' title='bbox 1291 2925 1386 2964; x_wconf 90' lang='lat' dir='ltr'>acon-</span> 
     </span>
     <span class='ocr_line' id='line_1_27' title="bbox 240 2993 1384 3062; baseline -0.002 -12"><span class='ocrx_word' id='word_1_238' title='bbox 240 2993 333 3050; x_wconf 84' lang='lat' dir='ltr'>trariis</span> <span class='ocrx_word' id='word_1_239' title='bbox 351 2993 409 3046; x_wconf 88' lang='lat' dir='ltr'>deis</span> <span class='ocrx_word' id='word_1_240' title='bbox 427 2993 460 3047; x_wconf 88' lang='lat' dir='ltr'>V.</span> <span class='ocrx_word' id='word_1_241' title='bbox 480 3023 513 3032; x_wconf 91' lang='lat'><em>-</em></span> <span class='ocrx_word' id='word_1_242' title='bbox 530 2993 623 3048; x_wconf 88' lang='lat' dir='ltr'>ictum.</span> <span class='ocrx_word' id='word_1_243' title='bbox 641 2993 827 3048; x_wconf 86' lang='lat' dir='ltr'>incontrariis</span> <span class='ocrx_word' id='word_1_244' title='bbox 840 2993 882 3047; x_wconf 87' lang='lat' dir='ltr'>dis</span> <span class='ocrx_word' id='word_1_245' title='bbox 895 2994 930 3048; x_wconf 93' lang='lat' dir='ltr'>ab</span> <span class='ocrx_word' id='word_1_246' title='bbox 942 2993 1204 3061; x_wconf 83' lang='lat' dir='ltr'>MadvigAdv.II,</span> <span class='ocrx_word' id='word_1_247' title='bbox 1216 2996 1273 3062; x_wconf 85' lang='grc'><strong>161,</strong></span> <span class='ocrx_word' id='word_1_248' title='bbox 1290 2994 1384 3048; x_wconf 90' lang='lat' dir='ltr'>ictum.</span> 
     </span>
     <span class='ocr_line' id='line_1_28' title="bbox 241 3076 1385 3148; baseline -0.001 -15"><span class='ocrx_word' id='word_1_249' title='bbox 241 3078 276 3134; x_wconf 86' lang='lat' dir='ltr'>de</span> <span class='ocrx_word' id='word_1_250' title='bbox 294 3077 438 3132; x_wconf 86' lang='lat' dir='ltr'>contrariis</span> <span class='ocrx_word' id='word_1_251' title='bbox 456 3077 519 3132; x_wconf 87' lang='lat' dir='ltr'>diis.</span> <span class='ocrx_word' id='word_1_252' title='bbox 546 3078 581 3132; x_wconf 92' lang='lat' dir='ltr'>ab</span> <span class='ocrx_word' id='word_1_253' title='bbox 598 3076 687 3132; x_wconf 87' lang='lat' dir='ltr'>Rein</span> <span class='ocrx_word' id='word_1_254' title='bbox 700 3078 807 3132; x_wconf 86' lang='lat' dir='ltr'>observ.</span> <span class='ocrx_word' id='word_1_255' title='bbox 819 3077 879 3131; x_wconf 90' lang='lat' dir='ltr'>crit.</span> <span class='ocrx_word' id='word_1_256' title='bbox 889 3095 916 3148; x_wconf 91' lang='lat' dir='ltr'>p.</span> <span class='ocrx_word' id='word_1_257' title='bbox 928 3083 952 3132; x_wconf 83' lang='grc'>1.</span> <span class='ocrx_word' id='word_1_258' title='bbox 964 3109 998 3116; x_wconf 99' lang='grc'>-</span> <span class='ocrx_word' id='word_1_259' title='bbox 1015 3078 1119 3146; x_wconf 90' lang='lat' dir='ltr'>limpha</span> <span class='ocrx_word' id='word_1_260' title='bbox 1135 3078 1168 3132; x_wconf 90' lang='lat' dir='ltr'>F.</span> <span class='ocrx_word' id='word_1_261' title='bbox 1180 3108 1215 3119; x_wconf 90' lang='lat'><em>-</em></span> <span class='ocrx_word' id='word_1_262' title='bbox 1232 3082 1249 3131; x_wconf 90' lang='grc'>4</span> <span class='ocrx_word' id='word_1_263' title='bbox 1264 3077 1385 3147; x_wconf 86' lang='lat' dir='ltr'>lympha]</span> 
     </span>
     <span class='ocr_line' id='line_1_29' title="bbox 239 3157 1384 3233; baseline -0.003 -15"><span class='ocrx_word' id='word_1_264' title='bbox 239 3161 343 3232; x_wconf 89' lang='lat' dir='ltr'>limpha</span> <span class='ocrx_word' id='word_1_265' title='bbox 359 3161 460 3231; x_wconf 88' lang='lat' dir='ltr'>libri,</span> <span class='ocrx_word' id='word_1_266' title='bbox 476 3165 596 3233; x_wconf 92' lang='lat' dir='ltr'>nympha</span> <span class='ocrx_word' id='word_1_267' title='bbox 612 3162 753 3218; x_wconf 87' lang='lat' dir='ltr'>Laetus.</span> <span class='ocrx_word' id='word_1_268' title='bbox 781 3157 859 3232; x_wconf 80' lang='lat' dir='ltr'>‘fort</span> <span class='ocrx_word' id='word_1_269' title='bbox 876 3161 983 3218; x_wconf 91' lang='lat' dir='ltr'>lubrico</span> <span class='ocrx_word' id='word_1_270' title='bbox 1001 3162 1135 3232; x_wconf 92' lang='lat' dir='ltr'>Lumpha,</span> <span class='ocrx_word' id='word_1_271' title='bbox 1153 3163 1225 3218; x_wconf 88' lang='lat' dir='ltr'>unde</span> <span class='ocrx_word' id='word_1_272' title='bbox 1242 3162 1384 3231; x_wconf 82' lang='lat' dir='ltr'>Numpha3</span> 
     </span>
     <span class='ocr_line' id='line_1_30' title="bbox 240 3243 1384 3319; baseline -0.003 -15"><span class='ocrx_word' id='word_1_273' title='bbox 240 3243 505 3319; x_wconf 82' lang='lat' dir='ltr'>Numphalnturna&#39;</span> <span class='ocrx_word' id='word_1_274' title='bbox 519 3247 590 3316; x_wconf 91' lang='lat' dir='ltr'>LSp.</span> <span class='ocrx_word' id='word_1_275' title='bbox 602 3278 635 3287; x_wconf 92' lang='lat'>-</span> <span class='ocrx_word' id='word_1_276' title='bbox 654 3247 741 3316; x_wconf 81' lang='lat' dir='ltr'>egroti</span> <span class='ocrx_word' id='word_1_277' title='bbox 757 3247 790 3301; x_wconf 90' lang='lat' dir='ltr'>F.</span> <span class='ocrx_word' id='word_1_278' title='bbox 808 3276 842 3286; x_wconf 91' lang='lat'>-</span> <span class='ocrx_word' id='word_1_279' title='bbox 861 3250 876 3300; x_wconf 87' lang='grc'><strong>6</strong></span> <span class='ocrx_word' id='word_1_280' title='bbox 895 3247 992 3302; x_wconf 89' lang='lat' dir='ltr'>ceteris</span> <span class='ocrx_word' id='word_1_281' title='bbox 1004 3247 1092 3315; x_wconf 86' lang='lat' dir='ltr'>aquis]</span> <span class='ocrx_word' id='word_1_282' title='bbox 1105 3248 1163 3319; x_wconf 91' lang='lat' dir='ltr'>Vp,</span> <span class='ocrx_word' id='word_1_283' title='bbox 1181 3252 1285 3303; x_wconf 88' lang='lat' dir='ltr'>ceteras</span> <span class='ocrx_word' id='word_1_284' title='bbox 1298 3261 1384 3315; x_wconf 87' lang='lat' dir='ltr'>aquas</span> 
     </span>
     <span class='ocr_line' id='line_1_31' title="bbox 238 3327 1384 3403; baseline -0.001 -15"><span class='ocrx_word' id='word_1_285' title='bbox 238 3332 465 3403; x_wconf 83' lang='lat' dir='ltr'>Fcumreliqau&#39;s.</span> <span class='ocrx_word' id='word_1_286' title='bbox 493 3327 570 3401; x_wconf 74' lang='lat' dir='ltr'>‘fort</span> <span class='ocrx_word' id='word_1_287' title='bbox 590 3336 681 3388; x_wconf 88' lang='lat' dir='ltr'>cetera</span> <span class='ocrx_word' id='word_1_288' title='bbox 699 3327 782 3400; x_wconf 86' lang='lat' dir='ltr'>aqua&#39;</span> <span class='ocrx_word' id='word_1_289' title='bbox 803 3330 873 3402; x_wconf 89' lang='lat' dir='ltr'>LSp.</span> <span class='ocrx_word' id='word_1_290' title='bbox 892 3361 926 3371; x_wconf 91' lang='lat'><em>-</em></span> <span class='ocrx_word' id='word_1_291' title='bbox 946 3336 959 3384; x_wconf 81' lang='lat'><strong>7</strong></span> <span class='ocrx_word' id='word_1_292' title='bbox 977 3331 1096 3401; x_wconf 88' lang='lat' dir='ltr'>limphae</span> <span class='ocrx_word' id='word_1_293' title='bbox 1114 3333 1146 3388; x_wconf 90' lang='lat' dir='ltr'>F.</span> <span class='ocrx_word' id='word_1_294' title='bbox 1165 3365 1197 3373; x_wconf 93' lang='lat'><em>-</em></span> <span class='ocrx_word' id='word_1_295' title='bbox 1216 3332 1384 3396; x_wconf 80' lang='lat' dir='ltr'>commotius]</span> 
     </span>
     <span class='ocr_line' id='line_1_32' title="bbox 238 3416 1383 3488; baseline -0.003 -13"><span class='ocrx_word' id='word_1_296' title='bbox 238 3418 336 3488; x_wconf 76' lang='lat' dir='ltr'>vulg,</span> <span class='ocrx_word' id='word_1_297' title='bbox 354 3417 471 3472; x_wconf 90' lang='lat' dir='ltr'>comitiis</span> <span class='ocrx_word' id='word_1_298' title='bbox 488 3417 586 3483; x_wconf 90' lang='lat' dir='ltr'>libri,</span> <span class='ocrx_word' id='word_1_299' title='bbox 612 3417 739 3472; x_wconf 87' lang='lat' dir='ltr'>comitiae</span> <span class='ocrx_word' id='word_1_300' title='bbox 757 3416 891 3473; x_wconf 91' lang='lat' dir='ltr'>Laetus.</span> <span class='ocrx_word' id='word_1_301' title='bbox 910 3447 943 3456; x_wconf 90' lang='lat'><strong>—</strong></span> <span class='ocrx_word' id='word_1_302' title='bbox 970 3421 985 3470; x_wconf 83' lang='lat'>9</span> <span class='ocrx_word' id='word_1_303' title='bbox 1003 3431 1078 3470; x_wconf 91' lang='lat' dir='ltr'>mare</span> <span class='ocrx_word' id='word_1_304' title='bbox 1097 3421 1125 3473; x_wconf 92' lang='lat' dir='ltr'>et</span> <span class='ocrx_word' id='word_1_305' title='bbox 1140 3422 1228 3473; x_wconf 90' lang='lat' dir='ltr'>terras</span> <span class='ocrx_word' id='word_1_306' title='bbox 1246 3419 1383 3472; x_wconf 86' lang='lat' dir='ltr'>Laetus.</span> 
     </span>
     <span class='ocr_line' id='line_1_33' title="bbox 239 3496 1384 3573; baseline -0.003 -15"><span class='ocrx_word' id='word_1_307' title='bbox 239 3532 273 3542; x_wconf 96' lang='lat'>—</span> <span class='ocrx_word' id='word_1_308' title='bbox 293 3508 324 3558; x_wconf 89' lang='lat'>10</span> <span class='ocrx_word' id='word_1_309' title='bbox 341 3505 454 3573; x_wconf 89' lang='lat' dir='ltr'>nuptus]</span> <span class='ocrx_word' id='word_1_310' title='bbox 472 3506 609 3571; x_wconf 87' lang='lat' dir='ltr'>neptunus</span> <span class='ocrx_word' id='word_1_311' title='bbox 629 3502 824 3566; x_wconf 84' lang='lat' dir='ltr'>Turnebus,</span> <span class='ocrx_word' id='word_1_312' title='bbox 842 3496 943 3554; x_wconf 86' lang='lat' dir='ltr'>‘malim</span> <span class='ocrx_word' id='word_1_313' title='bbox 955 3516 972 3555; x_wconf 88' lang='lat' dir='ltr'>a</span> <span class='ocrx_word' id='word_1_314' title='bbox 984 3516 1037 3570; x_wconf 90' lang='lat' dir='ltr'>quo</span> <span class='ocrx_word' id='word_1_315' title='bbox 1049 3504 1163 3571; x_wconf 87' lang='lat' dir='ltr'>nuptiae</span> <span class='ocrx_word' id='word_1_316' title='bbox 1175 3498 1292 3559; x_wconf 62' lang='grc' dir='ltr'>(11111111ὶ</span> <span class='ocrx_word' id='word_1_317' title='bbox 1312 3502 1384 3571; x_wconf 88' lang='lat' dir='ltr'>LSp.</span> 
     </span>
     <span class='ocr_line' id='line_1_34' title="bbox 238 3586 1385 3656; baseline -0.002 -14"><span class='ocrx_word' id='word_1_318' title='bbox 238 3619 272 3628; x_wconf 87' lang='lat'>-</span> <span class='ocrx_word' id='word_1_319' title='bbox 292 3593 321 3643; x_wconf 95' lang='grc'>11</span> <span class='ocrx_word' id='word_1_320' title='bbox 341 3587 451 3643; x_wconf 86' lang='lat' dir='ltr'>Venilia</span> <span class='ocrx_word' id='word_1_321' title='bbox 467 3587 555 3655; x_wconf 85' lang='lat' dir='ltr'>vulg.</span> <span class='ocrx_word' id='word_1_322' title='bbox 583 3587 659 3656; x_wconf 81' lang='lat' dir='ltr'>cous.</span> <span class='ocrx_word' id='word_1_323' title='bbox 677 3587 765 3641; x_wconf 92' lang='lat' dir='ltr'>Varro</span> <span class='ocrx_word' id='word_1_324' title='bbox 784 3587 858 3654; x_wconf 88' lang='lat' dir='ltr'>apud</span> <span class='ocrx_word' id='word_1_325' title='bbox 870 3586 1053 3655; x_wconf 88' lang='lat' dir='ltr'>Augustinum</span> <span class='ocrx_word' id='word_1_326' title='bbox 1070 3587 1105 3642; x_wconf 86' lang='lat' dir='ltr'>de</span> <span class='ocrx_word' id='word_1_327' title='bbox 1123 3588 1172 3644; x_wconf 89' lang='lat' dir='ltr'>civ.</span> <span class='ocrx_word' id='word_1_328' title='bbox 1192 3589 1237 3643; x_wconf 90' lang='lat' dir='ltr'>dei</span> <span class='ocrx_word' id='word_1_329' title='bbox 1255 3593 1279 3656; x_wconf 86' lang='grc'>1,</span> <span class='ocrx_word' id='word_1_330' title='bbox 1298 3591 1338 3641; x_wconf 82' lang='lat'>22.</span> <span class='ocrx_word' id='word_1_331' title='bbox 1353 3618 1385 3626; x_wconf 93' lang='lat'>-</span> 
     </span>
     <span class='ocr_line' id='line_1_35' title="bbox 238 3669 1385 3741; baseline 0 -15"><span class='ocrx_word' id='word_1_332' title='bbox 238 3672 364 3738; x_wconf 89' lang='lat' dir='ltr'>Plautus]</span> <span class='ocrx_word' id='word_1_333' title='bbox 384 3672 485 3728; x_wconf 85' lang='lat' dir='ltr'>(listell.</span> <span class='ocrx_word' id='word_1_334' title='bbox 503 3673 526 3741; x_wconf 93' lang='lat' dir='ltr'>I,</span> <span class='ocrx_word' id='word_1_335' title='bbox 545 3678 569 3740; x_wconf 91' lang='lat'>1,</span> <span class='ocrx_word' id='word_1_336' title='bbox 588 3676 628 3725; x_wconf 77' lang='lat'>15.</span> <span class='ocrx_word' id='word_1_337' title='bbox 647 3703 680 3711; x_wconf 91' lang='lat'><strong>—</strong></span> <span class='ocrx_word' id='word_1_338' title='bbox 708 3675 739 3725; x_wconf 83' lang='lat'>12</span> <span class='ocrx_word' id='word_1_339' title='bbox 757 3671 805 3735; x_wconf 79' lang='lat' dir='ltr'>ibi]</span> <span class='ocrx_word' id='word_1_340' title='bbox 823 3670 870 3724; x_wconf 91' lang='lat' dir='ltr'>ille</span> <span class='ocrx_word' id='word_1_341' title='bbox 888 3671 965 3741; x_wconf 84' lang='lat' dir='ltr'>apud</span> <span class='ocrx_word' id='word_1_342' title='bbox 981 3669 1119 3728; x_wconf 85' lang='lat' dir='ltr'>Plautum.</span> <span class='ocrx_word' id='word_1_343' title='bbox 1137 3703 1172 3714; x_wconf 90' lang='lat'>-</span> <span class='ocrx_word' id='word_1_344' title='bbox 1192 3678 1285 3738; x_wconf 89' lang='lat' dir='ltr'>uento]</span> <span class='ocrx_word' id='word_1_345' title='bbox 1303 3672 1385 3727; x_wconf 87' lang='lat' dir='ltr'>etiam</span> 
     </span>
     <span class='ocr_line' id='line_1_36' title="bbox 238 3755 1384 3821; baseline -0.001 -11"><span class='ocrx_word' id='word_1_346' title='bbox 238 3755 364 3811; x_wconf 82' lang='lat' dir='ltr'>Plautini</span> <span class='ocrx_word' id='word_1_347' title='bbox 390 3758 461 3814; x_wconf 83' lang='lat' dir='ltr'>libri.</span> <span class='ocrx_word' id='word_1_348' title='bbox 488 3787 521 3797; x_wconf 94' lang='lat'>—-</span> <span class='ocrx_word' id='word_1_349' title='bbox 547 3761 662 3821; x_wconf 84' lang='lat' dir='ltr'>vectust]</span> <span class='ocrx_word' id='word_1_350' title='bbox 689 3760 786 3811; x_wconf 88' lang='lat' dir='ltr'>uectus</span> <span class='ocrx_word' id='word_1_351' title='bbox 813 3759 855 3810; x_wconf 90' lang='lat' dir='ltr'>est</span> <span class='ocrx_word' id='word_1_352' title='bbox 882 3763 908 3810; x_wconf 84' lang='lat' dir='ltr'>et</span> <span class='ocrx_word' id='word_1_353' title='bbox 938 3755 1072 3811; x_wconf 79' lang='lat' dir='ltr'>Varronis</span> <span class='ocrx_word' id='word_1_354' title='bbox 1095 3763 1122 3814; x_wconf 84' lang='lat' dir='ltr'>et</span> <span class='ocrx_word' id='word_1_355' title='bbox 1143 3757 1240 3814; x_wconf 81' lang='lat' dir='ltr'>Plauti</span> <span class='ocrx_word' id='word_1_356' title='bbox 1261 3756 1332 3812; x_wconf 80' lang='lat' dir='ltr'>libri.</span> <span class='ocrx_word' id='word_1_357' title='bbox 1351 3786 1384 3795; x_wconf 93' lang='lat'><em>-</em></span> 
     </span>
    </p>

    <p class='ocr_par' dir='ltr' id='par_1_11' title="bbox 128 3840 1384 4335">
     <span class='ocr_line' id='line_1_37' title="bbox 128 3840 1383 3912; baseline 0 -17"><span class='ocrx_word' id='word_1_358' title='bbox 128 3851 131 3858; x_wconf 86' lang='grc'><strong><em>’</em></strong></span> <span class='ocrx_word' id='word_1_359' title='bbox 241 3843 271 3895; x_wconf 85' lang='grc'>13</span> <span class='ocrx_word' id='word_1_360' title='bbox 288 3858 364 3896; x_wconf 89' lang='lat' dir='ltr'>mare</span> <span class='ocrx_word' id='word_1_361' title='bbox 382 3841 445 3897; x_wconf 74' lang='lat' dir='ltr'>libri</span> <span class='ocrx_word' id='word_1_362' title='bbox 462 3841 592 3897; x_wconf 84' lang='lat' dir='ltr'>Plautini.</span> <span class='ocrx_word' id='word_1_363' title='bbox 614 3873 644 3880; x_wconf 88' lang='lat'>—</span> <span class='ocrx_word' id='word_1_364' title='bbox 665 3845 696 3895; x_wconf 86' lang='grc'>16</span> <span class='ocrx_word' id='word_1_365' title='bbox 714 3858 732 3896; x_wconf 93' lang='lat' dir='ltr'>a</span> <span class='ocrx_word' id='word_1_366' title='bbox 750 3840 857 3894; x_wconf 88' lang='lat' dir='ltr'>Sabinis</span> <span class='ocrx_word' id='word_1_367' title='bbox 875 3841 960 3909; x_wconf 84' lang='lat' dir='ltr'>vulg.</span> <span class='ocrx_word' id='word_1_368' title='bbox 980 3871 1013 3880; x_wconf 90' lang='lat'>—-</span> <span class='ocrx_word' id='word_1_369' title='bbox 1040 3847 1070 3897; x_wconf 80' lang='lat'>17</span> <span class='ocrx_word' id='word_1_370' title='bbox 1088 3843 1194 3906; x_wconf 89' lang='lat' dir='ltr'>viritus]</span> <span class='ocrx_word' id='word_1_371' title='bbox 1214 3841 1383 3912; x_wconf 81' lang='lat' dir='ltr'>Scaliger,</span> 
     </span>
     <span class='ocr_line' id='line_1_38' title="bbox 237 3925 1384 3998; baseline 0.001 -19"><span class='ocrx_word' id='word_1_372' title='bbox 237 3925 346 3981; x_wconf 90' lang='lat' dir='ltr'>uiriius</span> <span class='ocrx_word' id='word_1_373' title='bbox 358 3927 391 3994; x_wconf 87' lang='lat' dir='ltr'>F,</span> <span class='ocrx_word' id='word_1_374' title='bbox 408 3927 505 3982; x_wconf 89' lang='lat' dir='ltr'>uirilus</span> <span class='ocrx_word' id='word_1_375' title='bbox 517 3926 550 3995; x_wconf 92' lang='lat' dir='ltr'>V,</span> <span class='ocrx_word' id='word_1_376' title='bbox 569 3925 656 3980; x_wconf 89' lang='lat' dir='ltr'>uirilis</span> <span class='ocrx_word' id='word_1_377' title='bbox 675 3943 703 3994; x_wconf 89' lang='lat' dir='ltr'>p,</span> <span class='ocrx_word' id='word_1_378' title='bbox 721 3925 808 3980; x_wconf 89' lang='lat' dir='ltr'>uirius</span> <span class='ocrx_word' id='word_1_379' title='bbox 827 3925 901 3993; x_wconf 83' lang='lat' dir='ltr'>GH,</span> <span class='ocrx_word' id='word_1_380' title='bbox 921 3927 1124 3998; x_wconf 88' lang='lat' dir='ltr'>Scioppius,</span> <span class='ocrx_word' id='word_1_381' title='bbox 1142 3926 1268 3982; x_wconf 90' lang='lat' dir='ltr'>uirilibus</span> <span class='ocrx_word' id='word_1_382' title='bbox 1287 3943 1312 3995; x_wconf 91' lang='lat' dir='ltr'>a,</span> <span class='ocrx_word' id='word_1_383' title='bbox 1329 3925 1384 3980; x_wconf 91' lang='lat' dir='ltr'>uiri</span> 
     </span>
     <span class='ocr_line' id='line_1_39' title="bbox 238 4007 1382 4081; baseline 0.002 -19"><span class='ocrx_word' id='word_1_384' title='bbox 238 4007 280 4062; x_wconf 89' lang='lat' dir='ltr'>uie</span> <span class='ocrx_word' id='word_1_385' title='bbox 299 4011 416 4065; x_wconf 87' lang='lat' dir='ltr'>ceteri.</span> <span class='ocrx_word' id='word_1_386' title='bbox 436 4042 468 4050; x_wconf 87' lang='lat'><em>-</em></span> <span class='ocrx_word' id='word_1_387' title='bbox 489 4015 519 4066; x_wconf 89' lang='lat'>18</span> <span class='ocrx_word' id='word_1_388' title='bbox 538 4014 625 4069; x_wconf 89' lang='lat' dir='ltr'>honos</span> <span class='ocrx_word' id='word_1_389' title='bbox 642 4026 714 4066; x_wconf 85' lang='lat' dir='ltr'>corr.</span> <span class='ocrx_word' id='word_1_390' title='bbox 733 4027 771 4065; x_wconf 80' lang='lat' dir='ltr'>ex</span> <span class='ocrx_word' id='word_1_391' title='bbox 787 4012 875 4066; x_wconf 92' lang='lat' dir='ltr'>honor</span> <span class='ocrx_word' id='word_1_392' title='bbox 891 4011 923 4065; x_wconf 90' lang='lat' dir='ltr'>F.</span> <span class='ocrx_word' id='word_1_393' title='bbox 952 4010 1027 4080; x_wconf 81' lang='lat' dir='ltr'>conf.</span> <span class='ocrx_word' id='word_1_394' title='bbox 1046 4010 1167 4066; x_wconf 87' lang='lat' dir='ltr'>Reiter</span> <span class='ocrx_word' id='word_1_395' title='bbox 1185 4015 1289 4078; x_wconf 84' lang='lat' dir='ltr'>quaest.</span> <span class='ocrx_word' id='word_1_396' title='bbox 1302 4028 1330 4081; x_wconf 92' lang='lat' dir='ltr'>p.</span> <span class='ocrx_word' id='word_1_397' title='bbox 1341 4015 1382 4064; x_wconf 84' lang='grc'>94.</span> 
     </span>
     <span class='ocr_line' id='line_1_40' title="bbox 236 4093 1383 4166; baseline 0.003 -20"><span class='ocrx_word' id='word_1_398' title='bbox 236 4122 271 4131; x_wconf 95' lang='lat'>—</span> <span class='ocrx_word' id='word_1_399' title='bbox 289 4096 318 4146; x_wconf 84' lang='lat'>21</span> <span class='ocrx_word' id='word_1_400' title='bbox 331 4109 457 4160; x_wconf 87' lang='lat' dir='ltr'>grecum.</span> <span class='ocrx_word' id='word_1_401' title='bbox 469 4096 670 4164; x_wconf 58' lang='grc'><strong>1111111.-</strong></span> <span class='ocrx_word' id='word_1_402' title='bbox 688 4098 720 4148; x_wconf 82' lang='lat'>22</span> <span class='ocrx_word' id='word_1_403' title='bbox 735 4111 833 4151; x_wconf 88' lang='lat' dir='ltr'>nomen</span> <span class='ocrx_word' id='word_1_404' title='bbox 851 4097 923 4165; x_wconf 86' lang='lat' dir='ltr'>quod</span> <span class='ocrx_word' id='word_1_405' title='bbox 936 4100 978 4151; x_wconf 89' lang='grc'>111</span> <span class='ocrx_word' id='word_1_406' title='bbox 990 4103 1058 4166; x_wconf 82' lang='lat' dir='ltr'>post</span> <span class='ocrx_word' id='word_1_407' title='bbox 1070 4093 1181 4151; x_wconf 84' lang='lat' dir='ltr'>Graecis</span> <span class='ocrx_word' id='word_1_408' title='bbox 1194 4096 1277 4165; x_wconf 82' lang='lat' dir='ltr'>ponit</span> <span class='ocrx_word' id='word_1_409' title='bbox 1294 4096 1326 4150; x_wconf 90' lang='lat' dir='ltr'>M</span> <span class='ocrx_word' id='word_1_410' title='bbox 1332 4096 1383 4150; x_wconf 88' lang='lat' dir='ltr'>ul·</span> 
     </span>
     <span class='ocr_line' id='line_1_41' title="bbox 236 4175 1382 4251; baseline 0.003 -21"><span class='ocrx_word' id='word_1_411' title='bbox 236 4176 297 4231; x_wconf 89' lang='lat' dir='ltr'>ler.</span> <span class='ocrx_word' id='word_1_412' title='bbox 317 4206 350 4216; x_wconf 92' lang='lat'>-</span> <span class='ocrx_word' id='word_1_413' title='bbox 367 4176 444 4248; x_wconf 76' lang='lat' dir='ltr'>‘fort</span> <span class='ocrx_word' id='word_1_414' title='bbox 455 4181 583 4236; x_wconf 90' lang='lat' dir='ltr'>scribitur</span> <span class='ocrx_word' id='word_1_415' title='bbox 594 4222 600 4234; x_wconf 90' lang='lat'><strong>.</strong></span> <span class='ocrx_word' id='word_1_416' title='bbox 613 4177 759 4235; x_wconf 87' lang='lat' dir='ltr'>.Polnces‘</span> <span class='ocrx_word' id='word_1_417' title='bbox 771 4179 841 4251; x_wconf 90' lang='lat' dir='ltr'>LSp.</span> <span class='ocrx_word' id='word_1_418' title='bbox 861 4212 893 4220; x_wconf 87' lang='lat'><em>-</em></span> <span class='ocrx_word' id='word_1_419' title='bbox 912 4175 1093 4250; x_wconf 79' lang='grc' dir='ltr'><strong><em>πολυδεύκης]</em></strong></span> <span class='ocrx_word' id='word_1_420' title='bbox 1111 4177 1382 4247; x_wconf 85' lang='lat' dir='ltr'>Rholandellus,</span> 
     </span>
     <span class='ocr_line' id='line_1_42' title="bbox 235 4260 1383 4335; baseline 0.003 -19"><span class='ocrx_word' id='word_1_421' title='bbox 235 4260 425 4333; x_wconf 84' lang='lat' dir='ltr'>pollidenceps</span> <span class='ocrx_word' id='word_1_422' title='bbox 443 4265 544 4334; x_wconf 90' lang='lat' dir='ltr'>libri,</span> <span class='ocrx_word' id='word_1_423' title='bbox 562 4264 730 4335; x_wconf 89' lang='lat' dir='ltr'>pollideuces</span> <span class='ocrx_word' id='word_1_424' title='bbox 748 4280 821 4319; x_wconf 82' lang='lat' dir='ltr'>corr.</span> <span class='ocrx_word' id='word_1_425' title='bbox 833 4282 870 4321; x_wconf 84' lang='grc'>111</span> <span class='ocrx_word' id='word_1_426' title='bbox 882 4264 1069 4335; x_wconf 87' lang='lat' dir='ltr'>pollideuceps</span> <span class='ocrx_word' id='word_1_427' title='bbox 1081 4261 1230 4331; x_wconf 77' lang='lat' dir='ltr'>FtGroth),</span> <span class='ocrx_word' id='word_1_428' title='bbox 1248 4264 1383 4332; x_wconf 87' lang='lat' dir='ltr'>pollideu·</span> 
     </span>
    </p>
   </div>
   <div class='ocr_carea' id='block_1_5' title="bbox 0 0 1524 5048">
    <p class='ocr_par' dir='ltr' id='par_1_12' title="bbox 0 0 1524 5048">
     <span class='ocr_line' id='line_1_43' title="bbox 0 0 1524 5048; baseline 0 5"><span class='ocrx_word' id='word_1_429' title='bbox 0 0 1524 5048; x_wconf 95' lang='lat' dir='ltr'> </span> 
     </span>
    </p>
   </div>
  </div>
 </body>
</html>
