3038 5048
277 309 339 368 238
624 311 738 368 LIBER
756 311 928 368 DECIMUS.
964 311 1074 379 §2—5.

124 494 344 567 truosnstyov,
368 481 444 563 quid
468 481 677 565 eonsuetud03
701 503 784 567 quae
806 483 988 567 explicatae
1010 481 1220 550 declarabunt
1243 482 1440 568 analogiam

278 591 310 652 et
333 584 542 667 anomaliam,
563 583 648 649 unde
670 585 727 668 sit,
750 584 826 666 quid
849 585 906 668 sit,
929 583 1104 651 cuiusmodi
1126 583 1176 650 sit.

192 687 253 767 §3
362 690 391 751 2.
429 687 478 752 De
500 685 705 752 similitudine
729 693 761 751 et
784 685 1041 753 dissimilitudine
1062 685 1134 753 ideo
1157 685 1301 771 primum
1327 685 1435 753 dioen-

276 787 368 870 dum,
404 785 489 868 quod
517 808 557 854 ea
584 806 635 854 res
664 792 712 853 est
740 786 980 854 tundamentum
1009 790 1147 854 omnium
1175 787 1435 854 declinationum

275 909 313 956 ao
337 888 477 955 continet
499 889 653 955 rationem
676 890 853 957 verborum.
909 890 1020 957 Simile
1043 897 1092 957 est
1114 887 1200 973 quod
1222 906 1278 955 res
1308 890 1464 973 ploras-5

275 1010 337 1072 que
375 991 494 1056 hahere
531 991 656 1056 videtur
693 990 823 1058 easdem
866 1010 946 1072 quas
989 990 1069 1058 illud
1113 992 1268 1074 cuiusque
1312 991 1433 1059 simile.

274 1093 438 1158 Dissimile
461 1099 509 1158 est
532 1091 617 1174 quod
640 1092 769 1158 videtur
791 1112 862 1159 esse
885 1095 1076 1160 eontrarium
1099 1093 1201 1158 huius.
1257 1094 1433 1160 Minimum

274 1214 314 1259 ex
337 1194 462 1260 duobus
488 1200 612 1260 constat
642 1214 734 1262 omne
763 1195 884 1277 simile,
918 1195 994 1262 item
1021 1195 1192 1278 dissimile,
1227 1194 1319 1277 quod
1352 1196 1433 1262 nihil

273 1303 377 1382 potest
399 1316 469 1363 esse
491 1296 610 1380 simile,
646 1296 722 1378 quin
743 1295 877 1363 alieuius
899 1296 941 1362 sit
964 1298 1082 1381 simile,
1106 1298 1182 1365 item
1204 1296 1287 1362 nihil
1311 1297 1433 1365 dieitur

189 1398 446 1482 §ddissimile,
480 1399 556 1480 quin
589 1397 743 1482 addatur,
779 1398 892 1480 quoius
926 1398 968 1465 sit
1000 1398 1165 1466 dissimile.
1220 1398 1277 1466 Sic
1310 1399 1473 1467 dicituro

273 1501 386 1568 similis
409 1501 503 1568 homo
526 1499 663 1583 homini,
697 1518 797 1581 equus
825 1520 923 1584 equo,
960 1507 991 1566 et
1013 1499 1176 1568 dissimilis
1202 1500 1300 1567 homo
1325 1519 1427 1586 equo,

271 1626 345 1670 nam
382 1603 495 1669 similis
531 1609 581 1668 est
617 1602 712 1668 homo
749 1602 868 1668 homini
904 1601 978 1669 ideo
1008 1602 1092 1687 quod
1129 1600 1260 1668 easdem
1303 1601 1428 1686 figuras

272 1706 485 1772 membrorum
513 1704 650 1787 habeut,
684 1723 766 1785 quae
797 1724 852 1771 eos
883 1703 1030 1772 dividunt
1058 1705 1100 1769 ab
1130 1703 1327 1784 reliquorum
1359 1704 1427 1770 aui·

272 1808 402 1872 mallum
425 1806 541 1890 speeie.
586 1805 618 1870 in
647 1805 726 1890 ipsis
755 1806 935 1872 hominibus
963 1806 1060 1872 simili
1087 1806 1127 1872 de
1156 1825 1253 1871 eausa
1280 1807 1333 1872 vir
1356 1808 1425 1875 viro

186 1907 205 1990 5
227 1913 246 1972 5
269 1908 402 1974 similior
424 1927 520 1989 quam
542 1905 590 1974 vir
613 1906 749 1991 mulieri,
776 1906 861 1989 quod
884 1909 991 1993 plures
1014 1908 1133 1974 habent
1155 1906 1288 1974 easdem
1310 1909 1424 1991 partis,
1446 1921 1471 1972 15

118 1989 262 2042 ΜΒΝ)
274 2017 306 2077 et
328 2010 374 2076 sio
395 2009 502 2077 senior
523 2008 593 2076 seni
615 2008 748 2076 similior
776 2030 870 2094 quam
899 2031 1006 2094 puero.
1061 2029 1100 2076 eo
1127 2029 1221 2094 porro
1249 2008 1425 2077 similiores

270 2117 343 2179 sunt
377 2113 431 2195 qui
459 2112 541 2180 facie
576 2130 702 2196 quoque
728 2132 832 2197 paene
862 2113 992 2195 eadem,
1026 2112 1153 2195 habitu,
1187 2112 1330 2195 eorporis
1360 2111 1424 2179 iile.

268 2216 382 2297 Itaque
419 2215 473 2299 qui
508 2214 603 2299 plura
639 2215 759 2280 habeut
795 2213 908 2281 eadem
950 2212 1097 2281 dieantur
1137 2212 1322 2297 similiores,
1370 2215 1424 2296 qui

269 2337 424 2402 proxume
446 2317 603 2384 accedunt
624 2316 667 2382 ad
688 2316 739 2400 id,
763 2320 797 2381 ut
820 2318 926 2383 omnia
948 2316 1089 2383 habeant
1111 2315 1239 2398 eadem,
1263 2324 1422 2383 vocantur

266 2419 402 2503 gemini,
434 2419 596 2485 simillimi.
657 2418 737 2484 Sunt
767 2419 821 2500 qui
851 2419 908 2484 tris
933 2423 1064 2484 naturas
1084 2437 1190 2483 rerum
1210 2421 1326 2501 putent
1348 2438 1421 2484 esse
1441 2433 1468 2484 a)

266 2520 386 2604 simile,
425 2519 596 2604 dissimile,
626 2525 790 2603 neutrum,
823 2520 909 2602 quod
941 2521 1024 2587 alias
1055 2526 1174 2588 vocant
1204 2537 1267 2584 non
1300 2518 1419 2604 simile,

266 2622 347 2687 alias
375 2642 439 2688 non
470 2620 642 2705 dissimile,
680 2619 738 2688 sed
771 2623 917 2705 quamvis
946 2624 1007 2689 tria
1035 2622 1099 2688 siut
1126 2620 1230 2687 simile
1259 2619 1419 2689 dissimile

266 2729 421 2807 neutrum,
443 2731 550 2789 tamen
573 2730 679 2808 potest
701 2722 802 2790 dividi
825 2725 923 2791 etiam
944 2725 976 2791 in
999 2723 1080 2792 duas
1101 2729 1209 2808 partes
1231 2723 1291 2806 sie,
1316 2724 1418 2807 quod-

267 2846 401 2909 cumque
423 2825 566 2893 conferas
588 2831 643 2892 aut
664 2824 769 2891 simile
791 2845 862 2892 esse
884 2833 1023 2892 autnon
1045 2845 1129 2909 esse,
1161 2825 1266 2892 simile
1288 2844 1362 2893 esse
1385 2831 1418 2892 et

351 2959 520 3014 aanomnlia
543 2960 576 3028 F,
603 2974 674 3014 corr.
698 2959 786 3014 Pius.
810 2953 969 3031 ἀναλογίαν
992 2964 1021 3015 st
1044 2953 1205 3029 ἄνομαλίαν
1223 2974 1248 3013 a.
1274 2990 1310 3000 —
1337 2965 1417 3018 dues

264 3046 410 3115 plerasque
423 3043 519 3114 prima
536 3060 569 3097 m.
589 3044 618 3097 ia
635 3059 691 3098 ras.
709 3059 761 3097 sar.
779 3044 879 3100 ataid.
898 3045 1051 3111 FtGroth).
1070 3075 1102 3083 -
1122 3049 1137 3099 6
1155 3043 1286 3101 ''uidetur
1302 3045 1417 3102 'habere

262 3130 295 3194 F,
314 3128 386 3182 ande
407 3125 521 3181 traiecta
539 3126 621 3181 verba
638 3128 667 3180 ia
686 3128 786 3196 GHa,
813 3129 923 3185 uidetur
946 3131 1048 3184 habere
1066 3129 1184 3184 ceteri.
1213 3161 1242 3168 -
1271 3130 1416 3200 cuiusque]

264 3213 342 3269 euius
370 3215 413 3266 est
434 3210 666 3279 Augustinus,
693 3213 790 3281 quoius
813 3215 878 3283 quid
902 3214 1035 3268 Muller.
1063 3245 1096 3252 —
1124 3213 1259 3268 ddicitur
1282 3214 1416 3271 dissimile

263 3316 335 3355 corr.
363 3314 401 3352 ex
427 3295 528 3351 dieitur
555 3295 679 3350 dissimili
705 3298 736 3351 F.
766 3298 866 3354 dicitur
892 3299 979 3354 simile
998 3339 1004 3352 .
1025 3340 1031 3353 .
1051 3299 1129 3353 cuius
1155 3299 1192 3353 sit
1217 3299 1304 3354 simile
1326 3317 1353 3370 p.
1380 3332 1415 3340 -

264 3391 294 3442 10
313 3384 419 3455 quoius]
442 3383 483 3437 sie
505 3382 539 3436 F.
566 3389 599 3419 '—
628 3384 659 3434 12
678 3381 772 3437 similis
799 3400 871 3438 corr.
899 3401 937 3439 ex
964 3384 1050 3439 simile
1067 3383 1105 3453 F,
1132 3384 1228 3439 similis
1255 3385 1414 3456 GHVap,

262 3469 349 3524 simile
366 3468 513 3534 Laetus,
531 3465 611 3521 simul
628 3465 666 3519 M.
682 3459 788 3523 ‘similis
806 3469 887 3523 etiam
906 3470 936 3526 G.
948 3471 981 3524 F.
992 3469 1037 3524 W.
1051 3469 1179 3524 Muller
1195 3486 1223 3539 p.
1238 3473 1297 3536 873,
1314 3468 1416 3542 confer

253 3562 351 3620 ,tameo
369 3569 395 3621 p.
415 3545 538 3621 239,10'
558 3550 677 3607 (iroth.
696 3583 730 3592 —
750 3557 780 3607 15
798 3553 885 3624 pluris
904 3555 971 3611 ΘΗ.
997 3587 1032 3595 --
1060 3560 1090 3609 ll
1108 3570 1180 3626 pene
1196 3554 1228 3610 F.
1252 3584 1286 3593 ——
1309 3552 1366 3619 filo]
1385 3559 1414 3611 et

262 3638 309 3694 filo
335 3637 477 3707 Muller,
503 3637 585 3692 simili
601 3637 687 3706 vulg.
714 3638 791 3707 conf.
818 3639 952 3695 Lachm.
978 3641 1015 3695 ad
1041 3640 1152 3695 Lueret.
1175 3657 1202 3709 p.
1222 3643 1271 3693 300
1298 3641 1350 3710 qui
1372 3641 1414 3695 sie

262 3758 344 3813 uerba
369 3756 461 3826 iuaqit
485 3756 582 3812 habitu
609 3756 745 3826 corporis,
772 3756 827 3812 filo.
856 3790 890 3799 -
922 3765 953 3815 19
975 3722 1098 3829 proxdms
1123 3759 1156 3828 F,
1182 3774 1314 3828 proxume
1342 3759 1411 3823 GH,

261 3843 387 3912 proxime
413 3840 530 3897 ceteri.
557 3871 591 3881 -
619 3843 651 3894 20
669 3841 800 3896 simillimi
823 3860 873 3898 om.
898 3844 1093 3915 Scioppius.
1116 3837 1196 3915 ‘sort
1223 3843 1322 3914 gemini
1348 3842 1409 3899 del?

260 3928 332 3997 usp.
361 3958 394 3967 -
420 3929 521 3997 putant
538 3925 605 3982 GH.
633 3956 666 3965 —
694 3929 725 3980 21
745 3927 818 3995 quod
836 3929 904 3986 alias
924 3972 930 3984 .
950 3971 957 3984 .
975 3930 1106 3986 dissimile
1122 3933 1249 3985 neuhum
1268 3945 1320 3983 om.
1340 3929 1409 3984 GH.

261 4043 294 4054 -
312 4015 410 4068 vocent
427 4012 573 4076 Laetus,
592 4013 705 4066 vocetur
721 4011 810 4081 vulg.
841 4045 869 4052 -
900 4019 932 4069 22
950 4016 999 4071 sed
1017 4015 1137 4084 quamvis
1157 4055 1164 4068 .
1184 4055 1191 4068 .
1209 4016 1330 4068 autnon
1349 4029 1410 4069 esso

260 4113 278 4149 a
299 4095 424 4151 Varrone
438 4100 538 4167 postea
556 4096 651 4154 addita
668 4112 726 4151 esse
743 4106 834 4154 censet
850 4100 982 4157 Mdller.
1002 4100 1078 4170 eoas.
1090 4100 1151 4169 LSp
1170 4099 1261 4153 Ueber
1279 4099 1324 4154 die
1335 4098 1407 4154 Krit.

259 4195 287 4248 p.
307 4183 348 4247 20,
375 4179 476 4236 Thilo
494 4182 593 4238 Annal.
612 4182 680 4251 phil.
699 4181 788 4236 LXXI
809 4200 838 4253 p.
858 4188 916 4239 524.
944 4216 976 4224 -
1004 4189 1038 4239 24
1051 4177 1131 4254 ‘fort
1155 4197 1210 4236 non
1233 4198 1293 4238 esse
1311 4183 1407 4253 simile,

260 4263 346 4319 simile
364 4256 523 4334 esse'LSp.
