3038 5048
427 314 540 371 LIBBR
557 314 747 372 SEPTIMUS.
782 316 799 385 h
818 319 927 371 87-89.
1189 317 1248 378 151

106 493 144 558 ln
159 490 298 557 Graecia
320 493 479 555 commota
499 493 606 556 mente
628 507 707 571 quos
729 480 990 574 λομφολήποοος
1011 488 1186 574 appellant,
1208 487 1405 554 abluantur)

107 614 145 661 co
161 592 359 677 Lymphatos
374 588 525 657 dixerunt
538 590 646 656 nostri.
683 588 816 671 Bacchi,
840 595 871 655 ot
886 589 993 674 Liber,
1016 590 1105 657 cuius
1120 587 1251 657 comites

107 695 264 776 Bacchae,
293 698 326 759 et
348 690 456 757 vinum
482 690 515 755 in
537 691 694 775 Hispania
715 693 831 758 Bacca.
895 690 992 775 Origo
1019 693 1053 759 in
1080 692 1131 758 his
1154 693 1252 760 omni·
1275 698 1295 778 ξ
1317 695 1358 763 88
1382 726 1393 751 x

109 797 168 862 bus
189 813 316 879 graeca,
337 800 372 861 ut
394 791 479 875 quod
501 791 587 876 apud
608 792 776 858 Pacuium:

71 912 86 962 5
259 895 455 980 Alcyonis
476 893 558 963 ritu
580 893 682 960 litus
703 895 952 978 pervolgans
973 895 1088 963 feror.

109 999 190 1065 haec
218 995 301 1065 eninr
334 997 407 1066 avis
433 1015 550 1079 graece
577 995 692 1063 dieitur
715 990 852 1081 ἁλκυών,
882 997 982 1064 nostri
1009 1019 1093 1066 nunc
1112 997 1406 1082 Aloed03naeespn

109 1100 191 1167 haec
218 1099 323 1167 hieme
353 1097 439 1181 quod
464 1099 571 1185 pullos
600 1097 716 1165 dicitur
743 1098 915 1181 tranquillo
944 1098 1026 1166 mari
1050 1102 1168 1181 facero,
1197 1118 1254 1167 eos

110 1199 181 1268 dies
196 1200 370 1287 Alcyonios
391 1201 564 1285 appellant.
603 1200 696 1279 Quod
711 1205 760 1267 est
780 1200 814 1265 in
829 1220 924 1267 versu
945 1202 1128 1286 alcyonis
1149 1201 1254 1287 Ritu,

111 1301 145 1368 id
167 1311 216 1372 ost
238 1303 305 1371 eius
327 1301 480 1384 instituto,
502 1306 538 1368 ut
552 1322 624 1369 oum
647 1322 786 1387 aruspex
807 1302 973 1387 praecipit,
995 1309 1031 1370 ut
1045 1324 1103 1372 suo
1120 1304 1256 1387 quisque

59 1416 88 1468 ro
110 1403 172 1471 ritu
193 1402 381 1470 sacrificium
402 1404 516 1486 iaciat,
545 1408 578 1471 et
604 1422 663 1470 nos
692 1401 827 1471 dicimus
849 1405 909 1470 XV
936 1404 1023 1473 viros
1049 1425 1164 1490 graeco
1193 1405 1256 1471 ritu

110 1523 216 1589 sacra,
244 1526 308 1572 non
329 1525 461 1573 romano
483 1506 598 1573 iacere.
643 1503 736 1583 Quod
765 1505 850 1573 enirn
877 1505 914 1572 fit
934 1507 1011 1592 rite,
1038 1508 1074 1576 id
1094 1514 1197 1575 ratum
1218 1526 1258 1574 ao

109 1614 230 1675 rectum
253 1613 317 1691 est,
339 1608 381 1674 ab
404 1627 442 1675 eo
464 1607 579 1675 Accius

518 1714 624 1776 recto
646 1706 846 1791 perfectis
867 1709 996 1777 sacris

111 1812 180 1877 volt
201 1809 305 1894 accipi
326 1806 420 1896 [ritcl.

60 1925 90 1976 rt
195 1909 292 1996 Apud
314 1911 466 1978 Ennium:
1278 1921 1388 2000 §89⁴

265 2012 306 2079 Si
338 2013 450 2103 voles
483 2013 700 2078 advortere
728 2013 916 2097 animum,
950 2015 1121 2082 comiter
1150 2000 1411 2084 mon-‘WB‘

967 2116 1174 2182 strabitur.

113 2216 254 2284 Comiter
275 2215 377 2283 hilare
392 2235 431 2282 ac
445 2215 602 2299 lubenter,
625 2214 713 2281 ouius
728 2215 817 2299 origo
832 2234 948 2296 graeca
968 2218 1088 2301 κῶμος,
1110 2217 1186 2284 inde
1201 2217 1260 2286 Oo-

112 2318 239 2386 misatio
255 2319 353 2386 latino
369 2317 455 2384 dicta
470 2319 550 2384 etin
566 2317 709 2402 Graecia,
726 2323 759 2383 ut
775 2315 905 2400 quidam
921 2318 1071 2403 scribunt,
1090 2318 1260 2404 κωμῳδία.

1148 2441 1264 2448 -—-.

198 2504 230 2560 F.
248 2504 296 2560 fol.
317 2504 375 2560 161)
393 2505 463 2559 mari
479 2503 570 2558 iacere

201 2662 213 2712 1
232 2658 325 2726 grecia
341 2658 374 2712 F.
392 2688 425 2696 —
443 2661 521 2727 quos]
539 2666 565 2726 qi
584 2657 618 2726 G,
635 2673 687 2711 om.
705 2656 897 2726 Scioppius.
925 2651 1004 2727 ‘fort
1023 2650 1108 2726 quod'
1126 2659 1198 2729 LSp.
1228 2689 1263 2699 -

114 2742 342 2813 lympholemptus
353 2743 387 2810 F,
404 2743 432 2796 in
451 2759 505 2813 quo
523 2742 616 2798 dubito
633 2759 670 2796 aa
689 2742 773 2797 lateat
789 2733 1030 2813 νυμφολάμπτους
1045 2743 1140 2813 forma
1156 2741 1262 2799 Ionica.

115 2826 316 2897 lympholentus
335 2827 433 2883 (1ΗΜ
451 2835 477 2882 et
493 2844 553 2882 com
570 2829 580 2882 i
598 2827 665 2898 Vp,
690 2827 881 2896 limpholentos
899 2826 952 2894 ab,
979 2843 1052 2882 corr.
1070 2827 1262 2898 Victorius,

115 2911 202 2980 vulg.
229 2942 263 2951 -
290 2916 306 2965 2
324 2912 453 2967 dixerunt
469 2929 520 2966 om.
538 2912 565 2967 b.
594 2943 626 2952 -
653 2912 735 2968 bachi
753 2912 785 2965 F.
812 2942 846 2951 -
873 2915 909 2975 et]
928 2928 944 2967 e
960 2911 987 2979 b,
1011 2916 1054 2967 est
1071 2912 1261 2969 Turnebus.

110 2988 192 3064 ‘fort
211 2994 342 3052 Bacchei'
362 2997 433 3066 LSp.
451 3002 524 3052 recte
542 2998 643 3069 opinor
660 2996 795 3066 Bacchei,
819 2996 937 3051 Liberci.
956 3027 988 3036 -
1006 2995 1137 3062 bacchae]
1155 2998 1262 3055 abacho

116 3077 243 3151 Fvbp,
258 3082 379 3136 abaccho
398 3082 460 3150 Ga,
478 3098 495 3137 a
511 3083 639 3137 Bacchae
656 3082 691 3136 Η.
720 3077 797 3152 ‘fort
816 3097 834 3136 a
851 3081 962 3136 Baccho
979 3079 1121 3137 Bacchae'
1139 3083 1210 3154 LSp.
1229 3114 1264 3124 -

117 3167 132 3217 3
150 3164 257 3220 haccha
273 3166 386 3221 Aldus.
406 3197 440 3205 -
456 3166 495 3237 in]
509 3164 590 3238 ‘fort
608 3163 668 3223 del?
688 3166 758 3235 LSp.
776 3196 811 3206 -
833 3171 849 3220 4
866 3181 948 3234 greca
965 3166 997 3220 F.
1016 3196 1049 3206 -
1066 3168 1196 3236 pacuium
1212 3185 1263 3240 pa-

117 3250 208 3304 cuium
220 3252 320 3321 priore
336 3252 423 3307 deleto
441 3250 474 3320 F,
497 3252 627 3323 pacuium
642 3268 671 3321 p,
695 3252 843 3321 pacuuium
861 3251 981 3307 ceteri.
1004 3282 1038 3292 -
1065 3255 1080 3304 5
1098 3253 1213 3308 alcionis
1230 3253 1264 3322 F,

116 3335 239 3404 alcyonis
262 3336 341 3402 alii,
367 3336 508 3406 halcyonis
525 3337 640 3392 Aldus.
663 3367 698 3377 -
723 3337 870 3407 percolens
888 3352 919 3404 a,
945 3336 1047 3392 Hadr.
1065 3338 1202 3393 Junius.
1230 3368 1263 3379 —

118 3418 200 3483 feror]
224 3418 422 3489 Turnebus,
444 3421 641 3490 Victorius,
667 3422 745 3478 furor
767 3421 858 3476 libri.
885 3451 919 3460 —
946 3422 1078 3490 halcyon
1094 3422 1131 3490 F,
1159 3418 1265 3480 obruor

117 3502 153 3571 Η,
177 3497 284 3574 dlauoy
308 3520 339 3573 a,
366 3505 467 3560 lacuna
490 3507 520 3560 ἑο
542 3506 575 3573 G,
601 3500 714 3563 &mov
737 3507 852 3561 Aldus.
879 3535 913 3546 -
939 3507 1035 3571 nostri]
1058 3521 1077 3561 a
1099 3508 1201 3562 nostris
1224 3508 1264 3577 M,

118 3588 258 3643 Laetus.
284 3618 318 3628 -
343 3593 426 3653 nunc]
452 3589 528 3660 quod
554 3588 618 3646 libri
641 3589 741 3647 babeat
762 3597 830 3662 post
854 3590 913 3645 avis
938 3589 992 3644 buc
1015 3592 1118 3646 traieci.
1145 3621 1180 3632 -
1205 3594 1264 3648 hal·

120 3674 187 3729 cedo
205 3673 322 3728 Aldus.
350 3705 384 3714 —
411 3678 427 3729 8
444 3674 594 3744 alcyonios]
617 3675 726 3732 alciona
742 3675 775 3744 F,
803 3675 852 3730 alii
869 3691 929 3729 cunr
947 3692 973 3745 y,
999 3676 1121 3731 alcionas
1138 3677 1165 3745 b,
1192 3694 1265 3732 corr.

119 3759 259 3814 Laetus.
284 3788 318 3798 —
341 3759 472 3828 alcyonis]
490 3766 520 3812 ut
536 3774 631 3831 supra.
658 3789 692 3799 —
720 3765 751 3815 10
768 3760 828 3824 XV]
846 3759 898 3815 ΧΠ
915 3760 939 3814 F
958 3761 986 3826 (i.
1004 3778 1027 3816 ο.
1045 3761 1105 3829 XV,
1122 3777 1178 3816 aon
1194 3762 1266 3832 XII),

120 3843 264 3899 duodecim
276 3843 310 3910 G,
327 3843 380 3898 XII
392 3842 530 3915 plerique.
547 3875 580 3884 -
597 3859 678 3914 greco
691 3844 723 3899 F.
742 3876 774 3884 -
795 3850 824 3899 11
839 3846 919 3910 enim]
936 3851 1029 3901 autem
1047 3847 1169 3917 Christ,
1187 3843 1266 3919 ‘fort

120 3925 195 3986 uero’
215 3930 286 3998 LSp.
315 3959 346 3967 -
373 3928 436 3993 rite]
461 3928 518 3984 ritu
543 3945 569 3998 p.
597 3959 629 3968 —
656 3933 698 3994 ao]
724 3932 753 3985 ot
778 3929 874 4000 GHp.
898 3960 932 3971 -
958 3934 989 3985 13
1006 3935 1090 3996 recte]
1116 3933 1169 3988 rite
1195 3935 1266 3990 An·

120 4013 292 4082 gustinus.
318 4043 352 4052 —-
380 4017 412 4066 14
429 4013 486 4068 rolt
502 4013 593 4082 accipi
617 4013 765 4082 Varronis,
788 4031 846 4070 aaa
862 4016 941 4072 Accii
955 4015 1037 4071 uerba
1055 4032 1113 4072 estc
1129 4017 1268 4074 r'rrtcllear't

122 4098 151 4152 Ο.
169 4098 202 4152 1..
220 4098 313 4154 Roth
330 4097 428 4153 Philol.
446 4097 525 4154 XVII
542 4116 569 4168 p.
590 4103 646 4154 115.
664 4130 698 4139 -
715 4100 776 4165 rite]
794 4099 905 4166 addidi,
923 4116 974 4156 om.
992 4098 1085 4155 libri.
1104 4131 1138 4142 —
1156 4106 1189 4157 16
1206 4101 1268 4159 ani·

120 4198 193 4239 murn
211 4201 263 4240 om.
280 4184 353 4252 ΜΒ,
369 4183 511 4240 Laetus.
531 4212 564 4223 -
584 4187 615 4238 18
633 4199 716 4251 poca
731 4184 764 4239 F.
783 4216 816 4225 -
834 4201 926 4243 comos
943 4185 977 4253 F,
995 4201 1072 4243 corno
1089 4202 1122 4256 p,
1139 4182 1268 4256 κόμοςα

121 4273 148 4322 et
164 4268 264 4323 omisso
282 4275 396 4324 accentu
413 4267 449 4335 H,
467 4283 539 4323 corr.
558 4266 677 4324 Aldus.
697 4299 729 4309 —
749 4273 781 4324 19
794 4270 949 4329 comissatio
966 4288 994 4342 p,
1013 4272 1174 4329 comessatio
1188 4274 1221 4329 G.
1234 4304 1269 4314 -
