<?xml version="1.0" encoding="UTF-8"?>
<!DOCTYPE html PUBLIC "-//W3C//DTD XHTML 1.0 Transitional//EN"
    "http://www.w3.org/TR/xhtml1/DTD/xhtml1-transitional.dtd">
<html xmlns="http://www.w3.org/1999/xhtml" xml:lang="en" lang="en">
 <head>
  <title>
</title>
<meta http-equiv="Content-Type" content="text/html;charset=utf-8" />
  <meta name='ocr-system' content='tesseract 3.04.00' />
  <meta name='ocr-capabilities' content='ocr_page ocr_carea ocr_par ocr_line ocrx_word'/>
</head>
<body>
  <div class='ocr_page' id='page_1' title='image "./mterentivarroni00varrgoog/mterentivarroni00varrgoog_0326.png"; bbox 0 0 3060 5048; ppageno 0'>
   <div class='ocr_carea' id='block_1_1' title="bbox 468 306 1262 378">
    <p class='ocr_par' dir='ltr' id='par_1_1' title="bbox 468 306 1262 378">
     <span class='ocr_line' id='line_1_1' title="bbox 468 306 1262 378; baseline 0.011 -18"><span class='ocrx_word' id='word_1_1' title='bbox 468 306 582 363; x_wconf 82' lang='lat' dir='ltr'>urana</span> <span class='ocrx_word' id='word_1_2' title='bbox 599 306 728 365; x_wconf 79' lang='lat' dir='ltr'>nouus.</span> <span class='ocrx_word' id='word_1_3' title='bbox 764 311 780 378; x_wconf 72' lang='lat' dir='ltr'>a</span> <span class='ocrx_word' id='word_1_4' title='bbox 800 311 910 364; x_wconf 86' lang='lat' dir='ltr'>sc-as.</span> <span class='ocrx_word' id='word_1_5' title='bbox 1201 309 1262 370; x_wconf 82' lang='lat'>225</span> 
     </span>
    </p>
   </div>
   <div class='ocr_carea' id='block_1_2' title="bbox 117 477 1415 768">
    <p class='ocr_par' dir='ltr' id='par_1_2' title="bbox 117 477 1415 768">
     <span class='ocr_line' id='line_1_2' title="bbox 119 477 1263 570; baseline 0.004 -25"><span class='ocrx_word' id='word_1_6' title='bbox 119 477 194 565; x_wconf 86' lang='lat' dir='ltr'>[non</span> <span class='ocrx_word' id='word_1_7' title='bbox 215 478 398 558; x_wconf 85' lang='lat' dir='ltr'>novenaria]</span> <span class='ocrx_word' id='word_1_8' title='bbox 420 478 545 563; x_wconf 91' lang='lat' dir='ltr'>regula,</span> <span class='ocrx_word' id='word_1_9' title='bbox 569 478 632 546; x_wconf 95' lang='lat' dir='ltr'>duo</span> <span class='ocrx_word' id='word_1_10' title='bbox 655 485 760 563; x_wconf 87' lang='lat' dir='ltr'>actus,</span> <span class='ocrx_word' id='word_1_11' title='bbox 783 485 847 547; x_wconf 88' lang='lat' dir='ltr'>tres</span> <span class='ocrx_word' id='word_1_12' title='bbox 869 479 1003 565; x_wconf 89' lang='lat' dir='ltr'>gradus,</span> <span class='ocrx_word' id='word_1_13' title='bbox 1025 500 1084 548; x_wconf 83' lang='lat' dir='ltr'>sex</span> <span class='ocrx_word' id='word_1_14' title='bbox 1106 479 1263 570; x_wconf 86' lang='lat' dir='ltr'>decuriae,</span> 
     </span>
     <span class='ocr_line' id='line_1_3' title="bbox 118 579 1264 667; baseline 0.005 -21"><span class='ocrx_word' id='word_1_15' title='bbox 118 599 201 663; x_wconf 89' lang='lat' dir='ltr'>quac</span> <span class='ocrx_word' id='word_1_16' title='bbox 216 580 323 647; x_wconf 92' lang='lat' dir='ltr'>omnia</span> <span class='ocrx_word' id='word_1_17' title='bbox 342 579 487 648; x_wconf 87' lang='lat' dir='ltr'>similiter</span> <span class='ocrx_word' id='word_1_18' title='bbox 509 581 591 646; x_wconf 87' lang='lat' dir='ltr'>inter</span> <span class='ocrx_word' id='word_1_19' title='bbox 612 600 647 647; x_wconf 90' lang='lat' dir='ltr'>se</span> <span class='ocrx_word' id='word_1_20' title='bbox 669 580 870 667; x_wconf 89' lang='lat' dir='ltr'>respondent.</span> <span class='ocrx_word' id='word_1_21' title='bbox 914 582 1039 666; x_wconf 87' lang='lat' dir='ltr'>Regula</span> <span class='ocrx_word' id='word_1_22' title='bbox 1053 588 1102 649; x_wconf 86' lang='lat' dir='ltr'>cst</span> <span class='ocrx_word' id='word_1_23' title='bbox 1115 603 1264 652; x_wconf 87' lang='lat' dir='ltr'>numerus</span> 
     </span>
     <span class='ocr_line' id='line_1_4' title="bbox 117 680 1415 768; baseline 0.005 -21"><span class='ocrx_word' id='word_1_24' title='bbox 117 682 323 766; x_wconf 86' lang='lat' dir='ltr'>novenarius,</span> <span class='ocrx_word' id='word_1_25' title='bbox 352 680 453 765; x_wconf 87' lang='lat' dir='ltr'>quod,</span> <span class='ocrx_word' id='word_1_26' title='bbox 475 682 516 748; x_wconf 92' lang='lat' dir='ltr'>ab</span> <span class='ocrx_word' id='word_1_27' title='bbox 539 701 602 748; x_wconf 92' lang='lat' dir='ltr'>uno</span> <span class='ocrx_word' id='word_1_28' title='bbox 624 680 667 748; x_wconf 91' lang='lat' dir='ltr'>ad</span> <span class='ocrx_word' id='word_1_29' title='bbox 687 701 804 749; x_wconf 92' lang='lat' dir='ltr'>novem</span> <span class='ocrx_word' id='word_1_30' title='bbox 827 704 897 750; x_wconf 87' lang='lat' dir='ltr'>cum</span> <span class='ocrx_word' id='word_1_31' title='bbox 918 683 1135 768; x_wconf 79' lang='lat' dir='ltr'>pervenimus,</span> <span class='ocrx_word' id='word_1_32' title='bbox 1157 701 1415 755; x_wconf 63' lang='lat' dir='ltr'>rursusnottsno</span> 
     </span>
    </p>
   </div>
   <div class='ocr_carea' id='block_1_3' title="bbox 65 783 1414 2393">
    <p class='ocr_par' dir='ltr' id='par_1_3' title="bbox 117 783 1263 870">
     <span class='ocr_line' id='line_1_5' title="bbox 117 783 1263 870; baseline 0.003 -20"><span class='ocrx_word' id='word_1_33' title='bbox 117 783 259 851; x_wconf 90' lang='lat' dir='ltr'>redimus</span> <span class='ocrx_word' id='word_1_34' title='bbox 281 785 324 850; x_wconf 90' lang='lat' dir='ltr'>ad</span> <span class='ocrx_word' id='word_1_35' title='bbox 346 804 441 850; x_wconf 92' lang='lat' dir='ltr'>unum</span> <span class='ocrx_word' id='word_1_36' title='bbox 465 789 497 850; x_wconf 88' lang='lat' dir='ltr'>ct</span> <span class='ocrx_word' id='word_1_37' title='bbox 517 803 644 851; x_wconf 88' lang='lat' dir='ltr'>novem</span> <span class='ocrx_word' id='word_1_38' title='bbox 687 783 770 849; x_wconf 92' lang='lat' dir='ltr'>Hinc</span> <span class='ocrx_word' id='word_1_39' title='bbox 797 789 829 851; x_wconf 91' lang='lat' dir='ltr'>ct</span> <span class='ocrx_word' id='word_1_40' title='bbox 855 784 1029 870; x_wconf 81' lang='lat' dir='ltr'>nonaginta</span> <span class='ocrx_word' id='word_1_41' title='bbox 1049 789 1082 850; x_wconf 87' lang='lat' dir='ltr'>et</span> <span class='ocrx_word' id='word_1_42' title='bbox 1102 794 1263 870; x_wconf 88' lang='lat' dir='ltr'>nongenta</span> 
     </span>
    </p>

    <p class='ocr_par' dir='ltr' id='par_1_4' title="bbox 79 884 1366 1378">
     <span class='ocr_line' id='line_1_6' title="bbox 79 884 1262 970; baseline 0.006 -22"><span class='ocrx_word' id='word_1_43' title='bbox 79 888 157 952; x_wconf 74' lang='lat' dir='ltr'>aab</span> <span class='ocrx_word' id='word_1_44' title='bbox 180 905 245 952; x_wconf 85' lang='lat' dir='ltr'>una</span> <span class='ocrx_word' id='word_1_45' title='bbox 266 894 339 953; x_wconf 90' lang='lat' dir='ltr'>sunt</span> <span class='ocrx_word' id='word_1_46' title='bbox 367 892 481 953; x_wconf 90' lang='lat' dir='ltr'>natura</span> <span class='ocrx_word' id='word_1_47' title='bbox 507 884 697 970; x_wconf 83' lang='lat' dir='ltr'>novenaria3</span> <span class='ocrx_word' id='word_1_48' title='bbox 730 885 776 952; x_wconf 93' lang='lat' dir='ltr'>sic</span> <span class='ocrx_word' id='word_1_49' title='bbox 798 887 839 953; x_wconf 91' lang='lat' dir='ltr'>ab</span> <span class='ocrx_word' id='word_1_50' title='bbox 863 886 1040 970; x_wconf 90' lang='lat' dir='ltr'>octonaria,</span> <span class='ocrx_word' id='word_1_51' title='bbox 1070 891 1102 953; x_wconf 90' lang='lat' dir='ltr'>et</span> <span class='ocrx_word' id='word_1_52' title='bbox 1130 885 1262 954; x_wconf 88' lang='lat' dir='ltr'>deosum</span> 
     </span>
     <span class='ocr_line' id='line_1_7' title="bbox 115 986 1366 1077; baseline 0.003 -24"><span class='ocrx_word' id='word_1_53' title='bbox 115 1005 228 1055; x_wconf 88' lang='lat' dir='ltr'>versus</span> <span class='ocrx_word' id='word_1_54' title='bbox 251 986 293 1053; x_wconf 93' lang='lat' dir='ltr'>ad</span> <span class='ocrx_word' id='word_1_55' title='bbox 320 987 493 1072; x_wconf 83' lang='lat' dir='ltr'>singularia</span> <span class='ocrx_word' id='word_1_56' title='bbox 520 988 717 1073; x_wconf 85' lang='lat' dir='ltr'>perveniunt.</span> <span class='ocrx_word' id='word_1_57' title='bbox 776 988 875 1055; x_wconf 85' lang='lat' dir='ltr'>Actus</span> <span class='ocrx_word' id='word_1_58' title='bbox 903 988 1023 1072; x_wconf 89' lang='lat' dir='ltr'>primus</span> <span class='ocrx_word' id='word_1_59' title='bbox 1050 995 1099 1056; x_wconf 86' lang='lat' dir='ltr'>cst</span> <span class='ocrx_word' id='word_1_60' title='bbox 1125 989 1166 1055; x_wconf 91' lang='lat' dir='ltr'>ab</span> <span class='ocrx_word' id='word_1_61' title='bbox 1196 1010 1258 1059; x_wconf 95' lang='lat' dir='ltr'>uno</span> <span class='ocrx_word' id='word_1_62' title='bbox 1284 991 1303 1077; x_wconf 63' lang='lat' dir='ltr'>g</span> <span class='ocrx_word' id='word_1_63' title='bbox 1327 996 1366 1058; x_wconf 84' lang='lat'>87</span> 
     </span>
     <span class='ocr_line' id='line_1_8' title="bbox 117 1086 1263 1176; baseline 0.008 -25"><span class='ocrx_word' id='word_1_64' title='bbox 117 1086 178 1174; x_wconf 80' lang='lat' dir='ltr'>[ad]</span> <span class='ocrx_word' id='word_1_65' title='bbox 212 1098 387 1174; x_wconf 91' lang='lat' dir='ltr'>nongenta,</span> <span class='ocrx_word' id='word_1_66' title='bbox 426 1088 583 1157; x_wconf 89' lang='lat' dir='ltr'>sccundus</span> <span class='ocrx_word' id='word_1_67' title='bbox 611 1110 632 1155; x_wconf 96' lang='lat' dir='ltr'>a</span> <span class='ocrx_word' id='word_1_68' title='bbox 659 1089 748 1156; x_wconf 90' lang='lat' dir='ltr'>mille</span> <span class='ocrx_word' id='word_1_69' title='bbox 775 1089 817 1156; x_wconf 93' lang='lat' dir='ltr'>ad</span> <span class='ocrx_word' id='word_1_70' title='bbox 847 1095 1008 1175; x_wconf 86' lang='lat' dir='ltr'>nongenta</span> <span class='ocrx_word' id='word_1_71' title='bbox 1035 1090 1139 1176; x_wconf 87' lang='lat' dir='ltr'>milia;</span> <span class='ocrx_word' id='word_1_72' title='bbox 1178 1093 1263 1175; x_wconf 92' lang='lat' dir='ltr'>quod</span> 
     </span>
     <span class='ocr_line' id='line_1_9' title="bbox 115 1189 1263 1275; baseline 0.006 -19"><span class='ocrx_word' id='word_1_73' title='bbox 115 1189 201 1256; x_wconf 93' lang='lat' dir='ltr'>idem</span> <span class='ocrx_word' id='word_1_74' title='bbox 234 1192 365 1258; x_wconf 90' lang='lat' dir='ltr'>valebat</span> <span class='ocrx_word' id='word_1_75' title='bbox 399 1211 496 1257; x_wconf 92' lang='lat' dir='ltr'>unum</span> <span class='ocrx_word' id='word_1_76' title='bbox 532 1194 563 1257; x_wconf 89' lang='lat' dir='ltr'>et</span> <span class='ocrx_word' id='word_1_77' title='bbox 599 1190 703 1275; x_wconf 86' lang='lat' dir='ltr'>mille,</span> <span class='ocrx_word' id='word_1_78' title='bbox 744 1197 911 1274; x_wconf 90' lang='lat' dir='ltr'>utrumque</span> <span class='ocrx_word' id='word_1_79' title='bbox 945 1190 1099 1273; x_wconf 81' lang='lat' dir='ltr'>singulari</span> <span class='ocrx_word' id='word_1_80' title='bbox 1132 1214 1263 1263; x_wconf 90' lang='lat' dir='ltr'>numero</span> 
     </span>
     <span class='ocr_line' id='line_1_10' title="bbox 116 1291 1260 1378; baseline 0.001 -21"><span class='ocrx_word' id='word_1_81' title='bbox 116 1292 309 1378; x_wconf 65' lang='lat' dir='ltr'>appellatum</span> <span class='ocrx_word' id='word_1_82' title='bbox 333 1313 408 1359; x_wconf 93' lang='lat' dir='ltr'>nam</span> <span class='ocrx_word' id='word_1_83' title='bbox 431 1299 465 1359; x_wconf 91' lang='lat' dir='ltr'>ut</span> <span class='ocrx_word' id='word_1_84' title='bbox 488 1291 602 1359; x_wconf 91' lang='lat' dir='ltr'>dicitur</span> <span class='ocrx_word' id='word_1_85' title='bbox 617 1292 678 1359; x_wconf 92' lang='lat' dir='ltr'>hoc</span> <span class='ocrx_word' id='word_1_86' title='bbox 700 1312 807 1376; x_wconf 90' lang='lat' dir='ltr'>unum,</span> <span class='ocrx_word' id='word_1_87' title='bbox 830 1293 911 1361; x_wconf 91' lang='lat' dir='ltr'>haee</span> <span class='ocrx_word' id='word_1_88' title='bbox 926 1292 998 1378; x_wconf 92' lang='lat' dir='ltr'>duo,</span> <span class='ocrx_word' id='word_1_89' title='bbox 1021 1294 1081 1376; x_wconf 82' lang='lat' dir='ltr'>[sic</span> <span class='ocrx_word' id='word_1_90' title='bbox 1094 1294 1154 1359; x_wconf 81' lang='lat' dir='ltr'>loc</span> <span class='ocrx_word' id='word_1_91' title='bbox 1168 1297 1260 1369; x_wconf 78' lang='lat' dir='ltr'>crille,</span> 
     </span>
    </p>

    <p class='ocr_par' dir='ltr' id='par_1_5' title="bbox 66 1392 1414 1885">
     <span class='ocr_line' id='line_1_11' title="bbox 66 1392 1263 1479; baseline 0.009 -26"><span class='ocrx_word' id='word_1_92' title='bbox 66 1403 94 1453; x_wconf 87' lang='lat'>10</span> <span class='ocrx_word' id='word_1_93' title='bbox 115 1394 192 1457; x_wconf 83' lang='lat' dir='ltr'>lucc</span> <span class='ocrx_word' id='word_1_94' title='bbox 206 1393 282 1476; x_wconf 86' lang='lat' dir='ltr'>duo]</span> <span class='ocrx_word' id='word_1_95' title='bbox 297 1394 387 1461; x_wconf 89' lang='lat' dir='ltr'>milia</span> <span class='ocrx_word' id='word_1_96' title='bbox 411 1398 443 1461; x_wconf 91' lang='lat' dir='ltr'>ct</span> <span class='ocrx_word' id='word_1_97' title='bbox 464 1394 511 1461; x_wconf 94' lang='lat' dir='ltr'>sic</span> <span class='ocrx_word' id='word_1_98' title='bbox 533 1392 684 1479; x_wconf 80' lang='lat' dir='ltr'>deinceps</span> <span class='ocrx_word' id='word_1_99' title='bbox 706 1395 918 1462; x_wconf 83' lang='lat' dir='ltr'>multitudinis</span> <span class='ocrx_word' id='word_1_100' title='bbox 939 1396 972 1461; x_wconf 94' lang='lat' dir='ltr'>in</span> <span class='ocrx_word' id='word_1_101' title='bbox 994 1394 1117 1463; x_wconf 89' lang='lat' dir='ltr'>duobus</span> <span class='ocrx_word' id='word_1_102' title='bbox 1139 1397 1263 1464; x_wconf 88' lang='lat' dir='ltr'>actibus</span> 
     </span>
     <span class='ocr_line' id='line_1_12' title="bbox 116 1494 1262 1583; baseline 0.004 -22"><span class='ocrx_word' id='word_1_103' title='bbox 116 1495 229 1578; x_wconf 85' lang='lat' dir='ltr'>reliqui</span> <span class='ocrx_word' id='word_1_104' title='bbox 253 1517 363 1564; x_wconf 89' lang='lat' dir='ltr'>omncs</span> <span class='ocrx_word' id='word_1_105' title='bbox 385 1495 463 1561; x_wconf 90' lang='lat' dir='ltr'>item</span> <span class='ocrx_word' id='word_1_106' title='bbox 484 1495 618 1562; x_wconf 86' lang='lat' dir='ltr'>numeri.</span> <span class='ocrx_word' id='word_1_107' title='bbox 663 1494 789 1563; x_wconf 82' lang='lat' dir='ltr'>Gradus</span> <span class='ocrx_word' id='word_1_108' title='bbox 811 1496 982 1579; x_wconf 83' lang='lat' dir='ltr'>singularis</span> <span class='ocrx_word' id='word_1_109' title='bbox 1004 1496 1106 1563; x_wconf 84' lang='lat' dir='ltr'>estin</span> <span class='ocrx_word' id='word_1_110' title='bbox 1128 1503 1262 1583; x_wconf 85' lang='lat' dir='ltr'>utroque</span> 
     </span>
     <span class='ocr_line' id='line_1_13' title="bbox 116 1596 1261 1683; baseline 0.003 -19"><span class='ocrx_word' id='word_1_111' title='bbox 116 1605 189 1666; x_wconf 88' lang='lat' dir='ltr'>actu</span> <span class='ocrx_word' id='word_1_112' title='bbox 211 1599 253 1665; x_wconf 90' lang='lat' dir='ltr'>ab</span> <span class='ocrx_word' id='word_1_113' title='bbox 276 1618 337 1665; x_wconf 93' lang='lat' dir='ltr'>uno</span> <span class='ocrx_word' id='word_1_114' title='bbox 359 1596 403 1664; x_wconf 88' lang='lat' dir='ltr'>ad</span> <span class='ocrx_word' id='word_1_115' title='bbox 425 1618 556 1683; x_wconf 91' lang='lat' dir='ltr'>novem,</span> <span class='ocrx_word' id='word_1_116' title='bbox 590 1596 739 1665; x_wconf 91' lang='lat' dir='ltr'>denarius</span> <span class='ocrx_word' id='word_1_117' title='bbox 769 1598 888 1680; x_wconf 84' lang='lat' dir='ltr'>gradus</span> <span class='ocrx_word' id='word_1_118' title='bbox 914 1619 935 1665; x_wconf 91' lang='lat' dir='ltr'>a</span> <span class='ocrx_word' id='word_1_119' title='bbox 962 1597 1073 1665; x_wconf 88' lang='lat' dir='ltr'>dcecm</span> <span class='ocrx_word' id='word_1_120' title='bbox 1099 1598 1142 1666; x_wconf 90' lang='lat' dir='ltr'>ad</span> <span class='ocrx_word' id='word_1_121' title='bbox 1164 1621 1261 1667; x_wconf 89' lang='lat' dir='ltr'>nona·</span> 
     </span>
     <span class='ocr_line' id='line_1_14' title="bbox 115 1697 1414 1788; baseline -0.002 -22"><span class='ocrx_word' id='word_1_122' title='bbox 115 1701 219 1785; x_wconf 83' lang='lat' dir='ltr'>ginta,</span> <span class='ocrx_word' id='word_1_123' title='bbox 245 1698 443 1767; x_wconf 84' lang='lat' dir='ltr'>centenarius</span> <span class='ocrx_word' id='word_1_124' title='bbox 466 1717 487 1762; x_wconf 90' lang='lat' dir='ltr'>a</span> <span class='ocrx_word' id='word_1_125' title='bbox 509 1704 632 1765; x_wconf 88' lang='lat' dir='ltr'>centum</span> <span class='ocrx_word' id='word_1_126' title='bbox 654 1697 724 1780; x_wconf 86' lang='lat' dir='ltr'>[ud]</span> <span class='ocrx_word' id='word_1_127' title='bbox 747 1707 917 1784; x_wconf 89' lang='lat' dir='ltr'>nongenta.</span> <span class='ocrx_word' id='word_1_128' title='bbox 960 1701 1011 1766; x_wconf 92' lang='lat' dir='ltr'>Ita</span> <span class='ocrx_word' id='word_1_129' title='bbox 1032 1701 1132 1767; x_wconf 90' lang='lat' dir='ltr'>tribus</span> <span class='ocrx_word' id='word_1_130' title='bbox 1154 1701 1414 1788; x_wconf 52' lang='lat' dir='ltr'>gradi-(rumano</span> 
     </span>
     <span class='ocr_line' id='line_1_15' title="bbox 116 1799 1262 1885; baseline 0.002 -18"><span class='ocrx_word' id='word_1_131' title='bbox 116 1803 175 1868; x_wconf 90' lang='lat' dir='ltr'>bus</span> <span class='ocrx_word' id='word_1_132' title='bbox 198 1820 256 1867; x_wconf 90' lang='lat' dir='ltr'>sex</span> <span class='ocrx_word' id='word_1_133' title='bbox 279 1799 426 1867; x_wconf 86' lang='lat' dir='ltr'>decuriae</span> <span class='ocrx_word' id='word_1_134' title='bbox 448 1799 542 1883; x_wconf 90' lang='lat' dir='ltr'>fiunt,</span> <span class='ocrx_word' id='word_1_135' title='bbox 565 1804 631 1865; x_wconf 87' lang='lat' dir='ltr'>tres</span> <span class='ocrx_word' id='word_1_136' title='bbox 654 1800 827 1885; x_wconf 89' lang='lat' dir='ltr'>miliariae,</span> <span class='ocrx_word' id='word_1_137' title='bbox 854 1807 918 1868; x_wconf 91' lang='lat' dir='ltr'>tres</span> <span class='ocrx_word' id='word_1_138' title='bbox 940 1802 1087 1869; x_wconf 86' lang='lat' dir='ltr'>minores.</span> <span class='ocrx_word' id='word_1_139' title='bbox 1130 1802 1262 1885; x_wconf 84' lang='lat' dir='ltr'>Antiqui</span> 
     </span>
    </p>

    <p class='ocr_par' dir='ltr' id='par_1_6' title="bbox 65 1900 1366 2393">
     <span class='ocr_line' id='line_1_16' title="bbox 65 1900 1366 1990; baseline 0.007 -22"><span class='ocrx_word' id='word_1_140' title='bbox 65 1909 92 1960; x_wconf 79' lang='lat'>15</span> <span class='ocrx_word' id='word_1_141' title='bbox 115 1903 166 1968; x_wconf 91' lang='lat' dir='ltr'>his</span> <span class='ocrx_word' id='word_1_142' title='bbox 197 1901 337 1968; x_wconf 91' lang='lat' dir='ltr'>numeris</span> <span class='ocrx_word' id='word_1_143' title='bbox 369 1903 495 1967; x_wconf 85' lang='lat' dir='ltr'>fuerunt</span> <span class='ocrx_word' id='word_1_144' title='bbox 523 1901 671 1968; x_wconf 90' lang='lat' dir='ltr'>contenti.</span> <span class='ocrx_word' id='word_1_145' title='bbox 729 1900 782 1967; x_wconf 82' lang='lat' dir='ltr'>Ad</span> <span class='ocrx_word' id='word_1_146' title='bbox 810 1902 871 1970; x_wconf 90' lang='lat' dir='ltr'>hoo</span> <span class='ocrx_word' id='word_1_147' title='bbox 900 1904 1026 1970; x_wconf 89' lang='lat' dir='ltr'>tertium</span> <span class='ocrx_word' id='word_1_148' title='bbox 1055 1908 1086 1970; x_wconf 86' lang='lat' dir='ltr'>et</span> <span class='ocrx_word' id='word_1_149' title='bbox 1115 1912 1262 1987; x_wconf 87' lang='lat' dir='ltr'>quartum</span> <span class='ocrx_word' id='word_1_150' title='bbox 1283 1912 1303 1990; x_wconf 64' lang='grc' dir='ltr'><strong>ἐ</strong></span> <span class='ocrx_word' id='word_1_151' title='bbox 1326 1913 1366 1977; x_wconf 86' lang='grc'>88</span> 
     </span>
     <span class='ocr_line' id='line_1_17' title="bbox 114 2000 1260 2090; baseline 0.001 -19"><span class='ocrx_word' id='word_1_152' title='bbox 114 2009 220 2071; x_wconf 90' lang='lat' dir='ltr'>aetum</span> <span class='ocrx_word' id='word_1_153' title='bbox 241 2003 283 2068; x_wconf 86' lang='lat' dir='ltr'>ab</span> <span class='ocrx_word' id='word_1_154' title='bbox 304 2001 410 2068; x_wconf 86' lang='lat' dir='ltr'>decies</span> <span class='ocrx_word' id='word_1_155' title='bbox 432 2000 571 2068; x_wconf 86' lang='lat' dir='ltr'>minores</span> <span class='ocrx_word' id='word_1_156' title='bbox 585 2002 804 2087; x_wconf 88' lang='lat' dir='ltr'>imposuerunt</span> <span class='ocrx_word' id='word_1_157' title='bbox 819 2005 988 2088; x_wconf 89' lang='lat' dir='ltr'>vocabula,</span> <span class='ocrx_word' id='word_1_158' title='bbox 1011 2025 1113 2088; x_wconf 86' lang='lat' dir='ltr'>nequo</span> <span class='ocrx_word' id='word_1_159' title='bbox 1128 2006 1260 2090; x_wconf 89' lang='lat' dir='ltr'>ratione,</span> 
     </span>
     <span class='ocr_line' id='line_1_18' title="bbox 114 2103 1260 2190; baseline 0.002 -18"><span class='ocrx_word' id='word_1_160' title='bbox 114 2103 173 2172; x_wconf 92' lang='lat' dir='ltr'>sed</span> <span class='ocrx_word' id='word_1_161' title='bbox 202 2110 308 2171; x_wconf 88' lang='lat' dir='ltr'>tamen</span> <span class='ocrx_word' id='word_1_162' title='bbox 342 2123 406 2170; x_wconf 94' lang='lat' dir='ltr'>non</span> <span class='ocrx_word' id='word_1_163' title='bbox 441 2109 550 2169; x_wconf 89' lang='lat' dir='ltr'>contra</span> <span class='ocrx_word' id='word_1_164' title='bbox 586 2124 658 2171; x_wconf 91' lang='lat' dir='ltr'>eam</span> <span class='ocrx_word' id='word_1_165' title='bbox 692 2103 732 2169; x_wconf 88' lang='lat' dir='ltr'>dc</span> <span class='ocrx_word' id='word_1_166' title='bbox 769 2123 833 2189; x_wconf 91' lang='lat' dir='ltr'>qna</span> <span class='ocrx_word' id='word_1_167' title='bbox 868 2105 1034 2172; x_wconf 80' lang='lat' dir='ltr'>scribimus</span> <span class='ocrx_word' id='word_1_168' title='bbox 1069 2106 1260 2190; x_wconf 86' lang='lat' dir='ltr'>analogiam.</span> 
     </span>
     <span class='ocr_line' id='line_1_19' title="bbox 113 2204 1261 2295; baseline 0.003 -23"><span class='ocrx_word' id='word_1_169' title='bbox 113 2207 198 2273; x_wconf 91' lang='lat' dir='ltr'>Nam</span> <span class='ocrx_word' id='word_1_170' title='bbox 220 2209 274 2284; x_wconf 87' lang='lat' dir='ltr'>[ut]</span> <span class='ocrx_word' id='word_1_171' title='bbox 298 2204 426 2272; x_wconf 79' lang='lat' dir='ltr'>deciens</span> <span class='ocrx_word' id='word_1_172' title='bbox 442 2225 513 2273; x_wconf 88' lang='lat' dir='ltr'>eum</span> <span class='ocrx_word' id='word_1_173' title='bbox 529 2205 653 2272; x_wconf 88' lang='lat' dir='ltr'>dicatur</span> <span class='ocrx_word' id='word_1_174' title='bbox 666 2206 727 2273; x_wconf 88' lang='lat' dir='ltr'>hoc</span> <span class='ocrx_word' id='word_1_175' title='bbox 749 2205 888 2290; x_wconf 87' lang='lat' dir='ltr'>deciens,</span> <span class='ocrx_word' id='word_1_176' title='bbox 909 2211 947 2273; x_wconf 75' lang='lat' dir='ltr'>&#39;ut</span> <span class='ocrx_word' id='word_1_177' title='bbox 969 2206 1057 2273; x_wconf 86' lang='lat' dir='ltr'>milla</span> <span class='ocrx_word' id='word_1_178' title='bbox 1079 2208 1141 2274; x_wconf 91' lang='lat' dir='ltr'>hoc</span> <span class='ocrx_word' id='word_1_179' title='bbox 1161 2208 1261 2295; x_wconf 88' lang='lat' dir='ltr'>mille,</span> 
     </span>
     <span class='ocr_line' id='line_1_20' title="bbox 114 2306 1262 2393; baseline 0.002 -19"><span class='ocrx_word' id='word_1_180' title='bbox 114 2314 149 2374; x_wconf 91' lang='lat' dir='ltr'>ut</span> <span class='ocrx_word' id='word_1_181' title='bbox 177 2307 219 2374; x_wconf 91' lang='lat' dir='ltr'>sit</span> <span class='ocrx_word' id='word_1_182' title='bbox 247 2313 415 2392; x_wconf 90' lang='lat' dir='ltr'>utrumque</span> <span class='ocrx_word' id='word_1_183' title='bbox 444 2306 514 2374; x_wconf 92' lang='lat' dir='ltr'>sine</span> <span class='ocrx_word' id='word_1_184' title='bbox 543 2307 670 2376; x_wconf 87' lang='lat' dir='ltr'>casibus</span> <span class='ocrx_word' id='word_1_185' title='bbox 701 2309 805 2393; x_wconf 86' lang='lat' dir='ltr'>vocis,</span> <span class='ocrx_word' id='word_1_186' title='bbox 843 2308 985 2376; x_wconf 88' lang='lat' dir='ltr'>dicemus</span> <span class='ocrx_word' id='word_1_187' title='bbox 1013 2315 1049 2376; x_wconf 91' lang='lat' dir='ltr'>ut</span> <span class='ocrx_word' id='word_1_188' title='bbox 1077 2308 1138 2374; x_wconf 89' lang='lat' dir='ltr'>hoc</span> <span class='ocrx_word' id='word_1_189' title='bbox 1164 2309 1262 2382; x_wconf 75' lang='lat' dir='ltr'>mille,</span> 
     </span>
    </p>
   </div>
   <div class='ocr_carea' id='block_1_4' title="bbox 108 2542 1261 4222">
    <p class='ocr_par' dir='ltr' id='par_1_7' title="bbox 108 2542 1261 4222">
     <span class='ocr_line' id='line_1_21' title="bbox 199 2542 1260 2615; baseline 0.001 -17"><span class='ocrx_word' id='word_1_190' title='bbox 199 2550 210 2598; x_wconf 93' lang='lat'>1</span> <span class='ocrx_word' id='word_1_191' title='bbox 229 2558 285 2598; x_wconf 91' lang='lat' dir='ltr'>non</span> <span class='ocrx_word' id='word_1_192' title='bbox 306 2542 358 2598; x_wconf 85' lang='lat' dir='ltr'>del.</span> <span class='ocrx_word' id='word_1_193' title='bbox 376 2543 475 2611; x_wconf 83' lang='lat' dir='ltr'>vulg,</span> <span class='ocrx_word' id='word_1_194' title='bbox 497 2542 646 2597; x_wconf 88' lang='lat' dir='ltr'>novenaria</span> <span class='ocrx_word' id='word_1_195' title='bbox 663 2542 716 2596; x_wconf 83' lang='lat' dir='ltr'>del.</span> <span class='ocrx_word' id='word_1_196' title='bbox 734 2543 805 2613; x_wconf 86' lang='lat' dir='ltr'>LSp.</span> <span class='ocrx_word' id='word_1_197' title='bbox 829 2559 884 2600; x_wconf 92' lang='lat' dir='ltr'>non</span> <span class='ocrx_word' id='word_1_198' title='bbox 901 2544 1050 2599; x_wconf 86' lang='lat' dir='ltr'>novenaria</span> <span class='ocrx_word' id='word_1_199' title='bbox 1067 2547 1189 2615; x_wconf 78' lang='lat' dir='ltr'>corrupt.</span> <span class='ocrx_word' id='word_1_200' title='bbox 1207 2543 1260 2600; x_wconf 82' lang='lat' dir='ltr'>oid.</span> 
     </span>
     <span class='ocr_line' id='line_1_22' title="bbox 112 2627 1261 2699; baseline 0.001 -16"><span class='ocrx_word' id='word_1_201' title='bbox 112 2644 150 2684; x_wconf 80' lang='lat' dir='ltr'>cx</span> <span class='ocrx_word' id='word_1_202' title='bbox 166 2628 411 2699; x_wconf 78' lang='lat' dir='ltr'>interpretamento</span> <span class='ocrx_word' id='word_1_203' title='bbox 429 2641 558 2682; x_wconf 86' lang='lat' dir='ltr'>numerus</span> <span class='ocrx_word' id='word_1_204' title='bbox 576 2627 739 2683; x_wconf 84' lang='lat' dir='ltr'>novenarius</span> <span class='ocrx_word' id='word_1_205' title='bbox 757 2632 794 2694; x_wconf 76' lang='lat' dir='ltr'>(ri.</span> <span class='ocrx_word' id='word_1_206' title='bbox 812 2630 963 2685; x_wconf 88' lang='lat' dir='ltr'>uouenaria</span> <span class='ocrx_word' id='word_1_207' title='bbox 974 2631 1018 2693; x_wconf 81' lang='lat' dir='ltr'>F).</span> <span class='ocrx_word' id='word_1_208' title='bbox 1036 2659 1071 2668; x_wconf 96' lang='lat'>-</span> <span class='ocrx_word' id='word_1_209' title='bbox 1088 2632 1194 2698; x_wconf 74' lang='lat' dir='ltr'>lquaa]</span> <span class='ocrx_word' id='word_1_210' title='bbox 1207 2645 1261 2698; x_wconf 85' lang='lat' dir='ltr'>qua</span> 
     </span>
     <span class='ocr_line' id='line_1_23' title="bbox 111 2711 1260 2783; baseline 0.002 -16"><span class='ocrx_word' id='word_1_211' title='bbox 111 2713 144 2781; x_wconf 92' lang='lat' dir='ltr'>F,</span> <span class='ocrx_word' id='word_1_212' title='bbox 162 2728 233 2767; x_wconf 80' lang='lat' dir='ltr'>corr.</span> <span class='ocrx_word' id='word_1_213' title='bbox 251 2711 349 2767; x_wconf 89' lang='lat' dir='ltr'>Rhol.</span> <span class='ocrx_word' id='word_1_214' title='bbox 374 2743 409 2752; x_wconf 97' lang='lat'>—</span> <span class='ocrx_word' id='word_1_215' title='bbox 431 2711 543 2782; x_wconf 88' lang='lat' dir='ltr'>regulae</span> <span class='ocrx_word' id='word_1_216' title='bbox 559 2713 592 2779; x_wconf 90' lang='lat' dir='ltr'>F,</span> <span class='ocrx_word' id='word_1_217' title='bbox 611 2728 682 2766; x_wconf 81' lang='lat' dir='ltr'>corr.</span> <span class='ocrx_word' id='word_1_218' title='bbox 701 2712 896 2783; x_wconf 83' lang='lat' dir='ltr'>Scioppius.</span> <span class='ocrx_word' id='word_1_219' title='bbox 923 2745 957 2755; x_wconf 97' lang='lat'>-</span> <span class='ocrx_word' id='word_1_220' title='bbox 983 2719 1000 2768; x_wconf 84' lang='lat'>4</span> <span class='ocrx_word' id='word_1_221' title='bbox 1017 2714 1110 2782; x_wconf 88' lang='lat' dir='ltr'>unum]</span> <span class='ocrx_word' id='word_1_222' title='bbox 1129 2730 1211 2769; x_wconf 91' lang='lat' dir='ltr'>unam</span> <span class='ocrx_word' id='word_1_223' title='bbox 1227 2716 1260 2783; x_wconf 87' lang='lat' dir='ltr'>F,</span> 
     </span>
     <span class='ocr_line' id='line_1_24' title="bbox 112 2796 1259 2869; baseline 0.003 -19"><span class='ocrx_word' id='word_1_224' title='bbox 112 2812 182 2852; x_wconf 79' lang='lat' dir='ltr'>corr.</span> <span class='ocrx_word' id='word_1_225' title='bbox 200 2796 290 2866; x_wconf 84' lang='lat' dir='ltr'>vulg.</span> <span class='ocrx_word' id='word_1_226' title='bbox 318 2829 351 2838; x_wconf 89' lang='lat'>-</span> <span class='ocrx_word' id='word_1_227' title='bbox 378 2801 406 2853; x_wconf 88' lang='lat' dir='ltr'>ct</span> <span class='ocrx_word' id='word_1_228' title='bbox 422 2813 531 2852; x_wconf 90' lang='lat' dir='ltr'>nouem.</span> <span class='ocrx_word' id='word_1_229' title='bbox 549 2797 623 2860; x_wconf 89' lang='lat' dir='ltr'>hinc]</span> <span class='ocrx_word' id='word_1_230' title='bbox 641 2797 717 2866; x_wconf 90' lang='lat' dir='ltr'>LSp,</span> <span class='ocrx_word' id='word_1_231' title='bbox 736 2800 764 2852; x_wconf 93' lang='lat' dir='ltr'>et</span> <span class='ocrx_word' id='word_1_232' title='bbox 782 2797 840 2852; x_wconf 90' lang='lat' dir='ltr'>.U.</span> <span class='ocrx_word' id='word_1_233' title='bbox 858 2799 923 2853; x_wconf 92' lang='lat' dir='ltr'>hinc</span> <span class='ocrx_word' id='word_1_234' title='bbox 940 2799 973 2869; x_wconf 95' lang='lat' dir='ltr'>F,</span> <span class='ocrx_word' id='word_1_235' title='bbox 991 2802 1023 2854; x_wconf 91' lang='lat' dir='ltr'>ut</span> <span class='ocrx_word' id='word_1_236' title='bbox 1040 2799 1066 2855; x_wconf 88' lang='lat' dir='ltr'>V</span> <span class='ocrx_word' id='word_1_237' title='bbox 1082 2799 1146 2853; x_wconf 92' lang='lat' dir='ltr'>hinc</span> <span class='ocrx_word' id='word_1_238' title='bbox 1165 2799 1259 2854; x_wconf 83' lang='lat' dir='ltr'>GHa.</span> 
     </span>
     <span class='ocr_line' id='line_1_25' title="bbox 108 2876 1260 2952; baseline 0.001 -16"><span class='ocrx_word' id='word_1_239' title='bbox 108 2876 174 2936; x_wconf 68' lang='lat' dir='ltr'>‘arai</span> <span class='ocrx_word' id='word_1_240' title='bbox 194 2887 321 2952; x_wconf 81' lang='lat' dir='ltr'>praestat</span> <span class='ocrx_word' id='word_1_241' title='bbox 337 2881 410 2937; x_wconf 87' lang='lat' dir='ltr'>Hinc</span> <span class='ocrx_word' id='word_1_242' title='bbox 427 2886 456 2937; x_wconf 85' lang='lat' dir='ltr'>et</span> <span class='ocrx_word' id='word_1_243' title='bbox 472 2877 582 2937; x_wconf 89' lang='lat' dir='ltr'>navem&#39;</span> <span class='ocrx_word' id='word_1_244' title='bbox 602 2881 672 2951; x_wconf 86' lang='lat' dir='ltr'>LSp.</span> <span class='ocrx_word' id='word_1_245' title='bbox 700 2911 734 2920; x_wconf 92' lang='lat'><em>—</em></span> <span class='ocrx_word' id='word_1_246' title='bbox 761 2885 790 2936; x_wconf 91' lang='lat' dir='ltr'>et</span> <span class='ocrx_word' id='word_1_247' title='bbox 807 2883 966 2952; x_wconf 84' lang='lat' dir='ltr'>nonaginta]</span> <span class='ocrx_word' id='word_1_248' title='bbox 989 2887 1018 2939; x_wconf 91' lang='lat' dir='ltr'>et</span> <span class='ocrx_word' id='word_1_249' title='bbox 1035 2882 1085 2937; x_wconf 89' lang='lat' dir='ltr'>LX</span> <span class='ocrx_word' id='word_1_250' title='bbox 1101 2883 1124 2937; x_wconf 91' lang='lat' dir='ltr'>F</span> <span class='ocrx_word' id='word_1_251' title='bbox 1149 2884 1192 2950; x_wconf 80' lang='lat' dir='ltr'>(ab</span> <span class='ocrx_word' id='word_1_252' title='bbox 1210 2882 1260 2937; x_wconf 89' lang='lat' dir='ltr'>LX</span> 
     </span>
     <span class='ocr_line' id='line_1_26' title="bbox 112 2966 1259 3038; baseline 0.002 -18"><span class='ocrx_word' id='word_1_253' title='bbox 112 2969 375 3036; x_wconf 66' lang='lat' dir='ltr'>acunumiae),</span> <span class='ocrx_word' id='word_1_254' title='bbox 403 2971 431 3022; x_wconf 85' lang='lat' dir='ltr'>et</span> <span class='ocrx_word' id='word_1_255' title='bbox 447 2966 495 3023; x_wconf 81' lang='lat' dir='ltr'>XO</span> <span class='ocrx_word' id='word_1_256' title='bbox 512 2967 631 3021; x_wconf 87' lang='lat' dir='ltr'>Aldus.</span> <span class='ocrx_word' id='word_1_257' title='bbox 659 2995 693 3005; x_wconf 97' lang='lat'>-</span> <span class='ocrx_word' id='word_1_258' title='bbox 718 2967 864 3036; x_wconf 88' lang='lat' dir='ltr'>nongenta]</span> <span class='ocrx_word' id='word_1_259' title='bbox 889 2968 962 3038; x_wconf 84' lang='lat' dir='ltr'>LSp,</span> <span class='ocrx_word' id='word_1_260' title='bbox 985 2968 1116 3037; x_wconf 84' lang='lat' dir='ltr'>nungenti</span> <span class='ocrx_word' id='word_1_261' title='bbox 1132 2967 1165 3037; x_wconf 90' lang='lat' dir='ltr'>F,</span> <span class='ocrx_word' id='word_1_262' title='bbox 1191 2983 1259 3024; x_wconf 92' lang='lat' dir='ltr'>non-</span> 
     </span>
     <span class='ocr_line' id='line_1_27' title="bbox 111 3045 1261 3122; baseline 0.002 -15"><span class='ocrx_word' id='word_1_263' title='bbox 111 3053 186 3120; x_wconf 86' lang='lat' dir='ltr'>genti</span> <span class='ocrx_word' id='word_1_264' title='bbox 210 3052 278 3108; x_wconf 83' lang='lat' dir='ltr'>GH.</span> <span class='ocrx_word' id='word_1_265' title='bbox 307 3084 340 3092; x_wconf 94' lang='lat'>—</span> <span class='ocrx_word' id='word_1_266' title='bbox 367 3053 441 3108; x_wconf 86' lang='lat' dir='ltr'>5sic</span> <span class='ocrx_word' id='word_1_267' title='bbox 462 3053 506 3117; x_wconf 89' lang='lat' dir='ltr'>ab]</span> <span class='ocrx_word' id='word_1_268' title='bbox 523 3047 603 3122; x_wconf 82' lang='lat' dir='ltr'>‘fort</span> <span class='ocrx_word' id='word_1_269' title='bbox 627 3049 666 3106; x_wconf 90' lang='lat' dir='ltr'>sic</span> <span class='ocrx_word' id='word_1_270' title='bbox 690 3049 770 3120; x_wconf 84' lang='lat' dir='ltr'>VIII,</span> <span class='ocrx_word' id='word_1_271' title='bbox 797 3052 912 3121; x_wconf 88' lang='lat' dir='ltr'>LXXX,</span> <span class='ocrx_word' id='word_1_272' title='bbox 939 3053 1033 3115; x_wconf 79' lang='lat' dir='ltr'>Duco</span> <span class='ocrx_word' id='word_1_273' title='bbox 1057 3045 1104 3108; x_wconf 86' lang='lat' dir='ltr'>ab‘</span> <span class='ocrx_word' id='word_1_274' title='bbox 1128 3052 1199 3122; x_wconf 87' lang='lat' dir='ltr'>LSp.</span> <span class='ocrx_word' id='word_1_275' title='bbox 1226 3083 1261 3094; x_wconf 92' lang='lat'>-</span> 
     </span>
     <span class='ocr_line' id='line_1_28' title="bbox 112 3124 1259 3207; baseline 0.003 -16"><span class='ocrx_word' id='word_1_276' title='bbox 112 3138 233 3203; x_wconf 88' lang='lat' dir='ltr'>deosum]</span> <span class='ocrx_word' id='word_1_277' title='bbox 246 3138 337 3207; x_wconf 86' lang='lat' dir='ltr'>FMp,</span> <span class='ocrx_word' id='word_1_278' title='bbox 352 3137 478 3194; x_wconf 85' lang='lat' dir='ltr'>deorsum</span> <span class='ocrx_word' id='word_1_279' title='bbox 491 3135 612 3193; x_wconf 88' lang='lat' dir='ltr'>ceteri.</span> <span class='ocrx_word' id='word_1_280' title='bbox 630 3167 664 3174; x_wconf 95' lang='lat'><em>-</em></span> <span class='ocrx_word' id='word_1_281' title='bbox 683 3140 697 3188; x_wconf 76' lang='lat' dir='ltr'>&#39;l</span> <span class='ocrx_word' id='word_1_282' title='bbox 710 3136 748 3190; x_wconf 89' lang='lat' dir='ltr'>ad</span> <span class='ocrx_word' id='word_1_283' title='bbox 758 3141 906 3205; x_wconf 89' lang='lat' dir='ltr'>nongenta]</span> <span class='ocrx_word' id='word_1_284' title='bbox 920 3124 1030 3194; x_wconf 80' lang='lat' dir='ltr'>dGOOO</span> <span class='ocrx_word' id='word_1_285' title='bbox 1041 3139 1074 3206; x_wconf 91' lang='lat' dir='ltr'>F,</span> <span class='ocrx_word' id='word_1_286' title='bbox 1088 3154 1159 3193; x_wconf 87' lang='lat' dir='ltr'>corr.</span> <span class='ocrx_word' id='word_1_287' title='bbox 1172 3137 1259 3206; x_wconf 87' lang='lat' dir='ltr'>vulg.</span> 
     </span>
     <span class='ocr_line' id='line_1_29' title="bbox 111 3221 1258 3293; baseline 0.002 -18"><span class='ocrx_word' id='word_1_288' title='bbox 111 3251 145 3260; x_wconf 87' lang='lat'>—</span> <span class='ocrx_word' id='word_1_289' title='bbox 162 3226 301 3291; x_wconf 88' lang='lat' dir='ltr'>nungenta</span> <span class='ocrx_word' id='word_1_290' title='bbox 318 3223 351 3277; x_wconf 91' lang='lat' dir='ltr'>F.</span> <span class='ocrx_word' id='word_1_291' title='bbox 370 3253 403 3264; x_wconf 83' lang='lat'><em>-</em></span> <span class='ocrx_word' id='word_1_292' title='bbox 423 3225 571 3286; x_wconf 79' lang='lat' dir='ltr'>Snumero]</span> <span class='ocrx_word' id='word_1_293' title='bbox 589 3221 699 3276; x_wconf 90' lang='lat' dir='ltr'>nomine</span> <span class='ocrx_word' id='word_1_294' title='bbox 717 3221 750 3288; x_wconf 88' lang='lat' dir='ltr'>F,</span> <span class='ocrx_word' id='word_1_295' title='bbox 768 3235 841 3276; x_wconf 82' lang='lat' dir='ltr'>corr.</span> <span class='ocrx_word' id='word_1_296' title='bbox 859 3222 997 3279; x_wconf 84' lang='lat' dir='ltr'>Laetus.</span> <span class='ocrx_word' id='word_1_297' title='bbox 1016 3252 1050 3261; x_wconf 86' lang='lat'><em>-</em></span> <span class='ocrx_word' id='word_1_298' title='bbox 1067 3222 1258 3293; x_wconf 82' lang='lat' dir='ltr'>tlappellatnr]</span> 
     </span>
     <span class='ocr_line' id='line_1_30' title="bbox 112 3303 1258 3377; baseline 0.003 -18"><span class='ocrx_word' id='word_1_299' title='bbox 112 3307 253 3375; x_wconf 85' lang='lat' dir='ltr'>appellant</span> <span class='ocrx_word' id='word_1_300' title='bbox 276 3305 373 3374; x_wconf 83' lang='lat' dir='ltr'>vulg,</span> <span class='ocrx_word' id='word_1_301' title='bbox 399 3303 478 3377; x_wconf 79' lang='lat' dir='ltr'>‘fort</span> <span class='ocrx_word' id='word_1_302' title='bbox 502 3305 680 3376; x_wconf 85' lang='lat' dir='ltr'>appellatum’</span> <span class='ocrx_word' id='word_1_303' title='bbox 703 3306 776 3374; x_wconf 86' lang='lat' dir='ltr'>LSp.</span> <span class='ocrx_word' id='word_1_304' title='bbox 803 3336 837 3344; x_wconf 94' lang='lat'>—</span> <span class='ocrx_word' id='word_1_305' title='bbox 864 3306 904 3362; x_wconf 90' lang='lat' dir='ltr'>sic</span> <span class='ocrx_word' id='word_1_306' title='bbox 922 3310 975 3364; x_wconf 86' lang='lat' dir='ltr'>lroc</span> <span class='ocrx_word' id='word_1_307' title='bbox 992 3307 1078 3376; x_wconf 89' lang='lat' dir='ltr'>mille,</span> <span class='ocrx_word' id='word_1_308' title='bbox 1104 3311 1172 3362; x_wconf 86' lang='lat' dir='ltr'>haec</span> <span class='ocrx_word' id='word_1_309' title='bbox 1195 3307 1258 3372; x_wconf 89' lang='lat' dir='ltr'>duo]</span> 
     </span>
     <span class='ocr_line' id='line_1_31' title="bbox 112 3389 1257 3461; baseline 0.003 -19"><span class='ocrx_word' id='word_1_310' title='bbox 112 3389 175 3442; x_wconf 80' lang='lat' dir='ltr'>cdd.</span> <span class='ocrx_word' id='word_1_311' title='bbox 194 3390 394 3446; x_wconf 83' lang='lat' dir='ltr'>Gronovius</span> <span class='ocrx_word' id='word_1_312' title='bbox 418 3392 451 3445; x_wconf 93' lang='lat' dir='ltr'>de</span> <span class='ocrx_word' id='word_1_313' title='bbox 475 3406 535 3459; x_wconf 86' lang='lat' dir='ltr'>pcc.</span> <span class='ocrx_word' id='word_1_314' title='bbox 553 3394 606 3446; x_wconf 90' lang='lat' dir='ltr'>vet.</span> <span class='ocrx_word' id='word_1_315' title='bbox 625 3409 652 3461; x_wconf 93' lang='lat' dir='ltr'>p.</span> <span class='ocrx_word' id='word_1_316' title='bbox 674 3395 714 3458; x_wconf 82' lang='lat'>13,</span> <span class='ocrx_word' id='word_1_317' title='bbox 744 3391 783 3445; x_wconf 91' lang='lat' dir='ltr'>sic</span> <span class='ocrx_word' id='word_1_318' title='bbox 807 3391 910 3448; x_wconf 87' lang='lat' dir='ltr'>dicitur</span> <span class='ocrx_word' id='word_1_319' title='bbox 932 3395 985 3448; x_wconf 88' lang='lat' dir='ltr'>hoc</span> <span class='ocrx_word' id='word_1_320' title='bbox 1009 3408 1094 3446; x_wconf 93' lang='lat' dir='ltr'>unum</span> <span class='ocrx_word' id='word_1_321' title='bbox 1116 3393 1185 3447; x_wconf 90' lang='lat' dir='ltr'>hacc</span> <span class='ocrx_word' id='word_1_322' title='bbox 1203 3393 1257 3446; x_wconf 93' lang='lat' dir='ltr'>duo</span> 
     </span>
     <span class='ocr_line' id='line_1_32' title="bbox 112 3471 1259 3546; baseline 0.004 -20"><span class='ocrx_word' id='word_1_323' title='bbox 112 3472 179 3527; x_wconf 83' lang='lat' dir='ltr'>addi</span> <span class='ocrx_word' id='word_1_324' title='bbox 193 3474 267 3528; x_wconf 80' lang='lat' dir='ltr'>iubet</span> <span class='ocrx_word' id='word_1_325' title='bbox 289 3474 486 3544; x_wconf 85' lang='lat' dir='ltr'>Scioppius.</span> <span class='ocrx_word' id='word_1_326' title='bbox 513 3504 547 3514; x_wconf 93' lang='lat'>—</span> <span class='ocrx_word' id='word_1_327' title='bbox 576 3478 605 3529; x_wconf 89' lang='lat'>11</span> <span class='ocrx_word' id='word_1_328' title='bbox 625 3475 681 3530; x_wconf 85' lang='lat' dir='ltr'>orius</span> <span class='ocrx_word' id='word_1_329' title='bbox 699 3474 731 3529; x_wconf 94' lang='lat' dir='ltr'>F.</span> <span class='ocrx_word' id='word_1_330' title='bbox 760 3506 793 3514; x_wconf 95' lang='lat'>—</span> <span class='ocrx_word' id='word_1_331' title='bbox 820 3471 898 3546; x_wconf 83' lang='lat' dir='ltr'>‘fort</span> <span class='ocrx_word' id='word_1_332' title='bbox 916 3477 1017 3546; x_wconf 80' lang='lat' dir='ltr'>gradm</span> <span class='ocrx_word' id='word_1_333' title='bbox 1038 3475 1126 3530; x_wconf 88' lang='lat' dir='ltr'>estin</span> <span class='ocrx_word' id='word_1_334' title='bbox 1143 3479 1259 3545; x_wconf 86' lang='lat' dir='ltr'>utroque</span> 
     </span>
     <span class='ocr_line' id='line_1_33' title="bbox 111 3552 1258 3629; baseline 0.001 -15"><span class='ocrx_word' id='word_1_335' title='bbox 111 3561 191 3625; x_wconf 89' lang='lat' dir='ltr'>actu,</span> <span class='ocrx_word' id='word_1_336' title='bbox 218 3557 362 3627; x_wconf 87' lang='lat' dir='ltr'>singularis</span> <span class='ocrx_word' id='word_1_337' title='bbox 386 3552 433 3614; x_wconf 90' lang='lat' dir='ltr'>ab’</span> <span class='ocrx_word' id='word_1_338' title='bbox 457 3559 529 3629; x_wconf 87' lang='lat' dir='ltr'>LSp.</span> <span class='ocrx_word' id='word_1_339' title='bbox 556 3588 590 3596; x_wconf 91' lang='lat'><em>-</em></span> <span class='ocrx_word' id='word_1_340' title='bbox 620 3561 651 3611; x_wconf 83' lang='lat'>12</span> <span class='ocrx_word' id='word_1_341' title='bbox 675 3559 802 3616; x_wconf 85' lang='lat' dir='ltr'>denarios</span> <span class='ocrx_word' id='word_1_342' title='bbox 825 3561 864 3629; x_wconf 91' lang='lat' dir='ltr'>F,</span> <span class='ocrx_word' id='word_1_343' title='bbox 891 3577 964 3616; x_wconf 87' lang='lat' dir='ltr'>corr.</span> <span class='ocrx_word' id='word_1_344' title='bbox 988 3559 1075 3628; x_wconf 83' lang='lat' dir='ltr'>vulg.</span> <span class='ocrx_word' id='word_1_345' title='bbox 1103 3555 1182 3629; x_wconf 74' lang='lat' dir='ltr'>‘fort</span> <span class='ocrx_word' id='word_1_346' title='bbox 1206 3559 1258 3615; x_wconf 85' lang='lat' dir='ltr'>del.</span> 
     </span>
     <span class='ocr_line' id='line_1_34' title="bbox 111 3637 1258 3714; baseline 0.001 -16"><span class='ocrx_word' id='word_1_347' title='bbox 111 3637 222 3711; x_wconf 88' lang='lat' dir='ltr'>gradns’</span> <span class='ocrx_word' id='word_1_348' title='bbox 243 3641 313 3712; x_wconf 85' lang='lat' dir='ltr'>LSp.</span> <span class='ocrx_word' id='word_1_349' title='bbox 341 3673 375 3682; x_wconf 92' lang='lat'>—</span> <span class='ocrx_word' id='word_1_350' title='bbox 400 3659 418 3698; x_wconf 91' lang='lat' dir='ltr'>a</span> <span class='ocrx_word' id='word_1_351' title='bbox 436 3645 539 3708; x_wconf 87' lang='lat' dir='ltr'>dacem]</span> <span class='ocrx_word' id='word_1_352' title='bbox 557 3642 651 3697; x_wconf 88' lang='lat' dir='ltr'>decem</span> <span class='ocrx_word' id='word_1_353' title='bbox 668 3643 700 3711; x_wconf 90' lang='lat' dir='ltr'>F,</span> <span class='ocrx_word' id='word_1_354' title='bbox 719 3659 791 3698; x_wconf 88' lang='lat' dir='ltr'>corr.</span> <span class='ocrx_word' id='word_1_355' title='bbox 809 3646 894 3714; x_wconf 85' lang='lat' dir='ltr'>vulg.</span> <span class='ocrx_word' id='word_1_356' title='bbox 924 3675 956 3684; x_wconf 82' lang='lat'>—</span> <span class='ocrx_word' id='word_1_357' title='bbox 982 3645 1139 3713; x_wconf 83' lang='lat' dir='ltr'>nonaginta]</span> <span class='ocrx_word' id='word_1_358' title='bbox 1158 3644 1208 3699; x_wconf 87' lang='lat' dir='ltr'>LX</span> <span class='ocrx_word' id='word_1_359' title='bbox 1225 3644 1258 3714; x_wconf 90' lang='lat' dir='ltr'>F,</span> 
     </span>
     <span class='ocr_line' id='line_1_35' title="bbox 111 3713 1258 3798; baseline 0.003 -17"><span class='ocrx_word' id='word_1_360' title='bbox 111 3743 183 3782; x_wconf 85' lang='lat' dir='ltr'>corr.</span> <span class='ocrx_word' id='word_1_361' title='bbox 200 3727 288 3796; x_wconf 86' lang='lat' dir='ltr'>vulg.</span> <span class='ocrx_word' id='word_1_362' title='bbox 306 3758 341 3765; x_wconf 95' lang='lat'><em>-</em></span> <span class='ocrx_word' id='word_1_363' title='bbox 360 3731 391 3781; x_wconf 86' lang='lat'>13</span> <span class='ocrx_word' id='word_1_364' title='bbox 409 3727 445 3781; x_wconf 93' lang='lat' dir='ltr'>ad</span> <span class='ocrx_word' id='word_1_365' title='bbox 463 3729 609 3795; x_wconf 81' lang='lat' dir='ltr'>nongenta]</span> <span class='ocrx_word' id='word_1_366' title='bbox 629 3713 739 3783; x_wconf 80' lang='lat' dir='ltr'>dGOOG</span> <span class='ocrx_word' id='word_1_367' title='bbox 756 3728 791 3798; x_wconf 89' lang='lat' dir='ltr'>F,</span> <span class='ocrx_word' id='word_1_368' title='bbox 808 3745 881 3784; x_wconf 86' lang='lat' dir='ltr'>corr.</span> <span class='ocrx_word' id='word_1_369' title='bbox 899 3729 991 3798; x_wconf 86' lang='lat' dir='ltr'>vulg.</span> <span class='ocrx_word' id='word_1_370' title='bbox 1016 3759 1051 3768; x_wconf 97' lang='lat'>—</span> <span class='ocrx_word' id='word_1_371' title='bbox 1077 3733 1109 3781; x_wconf 81' lang='lat' dir='ltr'>ll</span> <span class='ocrx_word' id='word_1_372' title='bbox 1125 3727 1258 3784; x_wconf 80' lang='lat' dir='ltr'>miliarias</span> 
     </span>
     <span class='ocr_line' id='line_1_36' title="bbox 111 3811 1258 3882; baseline 0 -16"><span class='ocrx_word' id='word_1_373' title='bbox 111 3814 177 3877; x_wconf 85' lang='lat' dir='ltr'>tres]</span> <span class='ocrx_word' id='word_1_374' title='bbox 195 3812 272 3882; x_wconf 87' lang='lat' dir='ltr'>LSp‚</span> <span class='ocrx_word' id='word_1_375' title='bbox 290 3812 408 3868; x_wconf 88' lang='lat' dir='ltr'>miliaria</span> <span class='ocrx_word' id='word_1_376' title='bbox 425 3815 454 3867; x_wconf 89' lang='lat' dir='ltr'>et</span> <span class='ocrx_word' id='word_1_377' title='bbox 470 3829 514 3868; x_wconf 88' lang='lat' dir='ltr'>res</span> <span class='ocrx_word' id='word_1_378' title='bbox 531 3812 569 3880; x_wconf 87' lang='lat' dir='ltr'>F,</span> <span class='ocrx_word' id='word_1_379' title='bbox 593 3811 727 3868; x_wconf 83' lang='lat' dir='ltr'>miliarias</span> <span class='ocrx_word' id='word_1_380' title='bbox 745 3816 774 3869; x_wconf 90' lang='lat' dir='ltr'>ct</span> <span class='ocrx_word' id='word_1_381' title='bbox 789 3816 846 3868; x_wconf 88' lang='lat' dir='ltr'>tres</span> <span class='ocrx_word' id='word_1_382' title='bbox 863 3815 979 3868; x_wconf 89' lang='lat' dir='ltr'>Aldus.</span> <span class='ocrx_word' id='word_1_383' title='bbox 998 3842 1032 3852; x_wconf 90' lang='lat'>-·</span> <span class='ocrx_word' id='word_1_384' title='bbox 1051 3815 1082 3867; x_wconf 88' lang='lat'>16</span> <span class='ocrx_word' id='word_1_385' title='bbox 1100 3813 1200 3876; x_wconf 86' lang='lat' dir='ltr'>decies]</span> <span class='ocrx_word' id='word_1_386' title='bbox 1218 3814 1258 3868; x_wconf 83' lang='lat' dir='ltr'>sio</span> 
     </span>
     <span class='ocr_line' id='line_1_37' title="bbox 112 3895 1258 3969; baseline 0.002 -18"><span class='ocrx_word' id='word_1_387' title='bbox 112 3896 137 3950; x_wconf 79' lang='lat' dir='ltr'>lv.</span> <span class='ocrx_word' id='word_1_388' title='bbox 157 3896 174 3951; x_wconf 89' lang='lat' dir='ltr'>l.</span> <span class='ocrx_word' id='word_1_389' title='bbox 197 3898 221 3951; x_wconf 98' lang='lat' dir='ltr'>F</span> <span class='ocrx_word' id='word_1_390' title='bbox 246 3913 307 3951; x_wconf 84' lang='lat' dir='ltr'>cum</span> <span class='ocrx_word' id='word_1_391' title='bbox 334 3898 436 3953; x_wconf 80' lang='lat' dir='ltr'>ceteris.</span> <span class='ocrx_word' id='word_1_392' title='bbox 463 3898 499 3953; x_wconf 91' lang='lat' dir='ltr'>ab</span> <span class='ocrx_word' id='word_1_393' title='bbox 527 3895 618 3952; x_wconf 84' lang='lat' dir='ltr'>dacica</span> <span class='ocrx_word' id='word_1_394' title='bbox 640 3913 691 3951; x_wconf 89' lang='lat' dir='ltr'>om.</span> <span class='ocrx_word' id='word_1_395' title='bbox 718 3897 913 3969; x_wconf 89' lang='lat' dir='ltr'>Scioppius.</span> <span class='ocrx_word' id='word_1_396' title='bbox 940 3928 974 3936; x_wconf 92' lang='lat'><em>-</em></span> <span class='ocrx_word' id='word_1_397' title='bbox 999 3897 1126 3963; x_wconf 86' lang='lat' dir='ltr'>minores]</span> <span class='ocrx_word' id='word_1_398' title='bbox 1152 3897 1258 3953; x_wconf 89' lang='lat' dir='ltr'>minora</span> 
     </span>
     <span class='ocr_line' id='line_1_38' title="bbox 111 3981 1257 4053; baseline 0.003 -19"><span class='ocrx_word' id='word_1_399' title='bbox 111 3982 209 4051; x_wconf 73' lang='lat' dir='ltr'>vulg,</span> <span class='ocrx_word' id='word_1_400' title='bbox 236 3982 401 4038; x_wconf 87' lang='lat' dir='ltr'>addiderunt</span> <span class='ocrx_word' id='word_1_401' title='bbox 417 3981 583 4053; x_wconf 89' lang='lat' dir='ltr'>posteriores</span> <span class='ocrx_word' id='word_1_402' title='bbox 601 3985 683 4050; x_wconf 86' lang='lat' dir='ltr'>atque</span> <span class='ocrx_word' id='word_1_403' title='bbox 699 3982 750 4037; x_wconf 91' lang='lat' dir='ltr'>ieis</span> <span class='ocrx_word' id='word_1_404' title='bbox 767 3982 873 4040; x_wconf 88' lang='lat' dir='ltr'>minora</span> <span class='ocrx_word' id='word_1_405' title='bbox 892 3981 1092 4052; x_wconf 85' lang='lat' dir='ltr'>Scioppius,</span> <span class='ocrx_word' id='word_1_406' title='bbox 1118 3981 1257 4051; x_wconf 90' lang='lat' dir='ltr'>minorem,</span> 
     </span>
     <span class='ocr_line' id='line_1_39' title="bbox 111 4065 1256 4136; baseline 0.001 -16"><span class='ocrx_word' id='word_1_407' title='bbox 111 4079 129 4120; x_wconf 90' lang='lat' dir='ltr'>a</span> <span class='ocrx_word' id='word_1_408' title='bbox 146 4065 254 4122; x_wconf 82' lang='lat' dir='ltr'>deciens</span> <span class='ocrx_word' id='word_1_409' title='bbox 272 4066 378 4123; x_wconf 88' lang='lat' dir='ltr'>miliens</span> <span class='ocrx_word' id='word_1_410' title='bbox 396 4067 526 4122; x_wconf 88' lang='lat' dir='ltr'>maiorem</span> <span class='ocrx_word' id='word_1_411' title='bbox 544 4066 676 4122; x_wconf 88' lang='lat' dir='ltr'>addentes</span> <span class='ocrx_word' id='word_1_412' title='bbox 690 4065 828 4122; x_wconf 74' lang='lat' dir='ltr'>Miller.</span> <span class='ocrx_word' id='word_1_413' title='bbox 856 4098 889 4108; x_wconf 93' lang='lat'><em>-</em></span> <span class='ocrx_word' id='word_1_414' title='bbox 917 4072 947 4121; x_wconf 76' lang='lat'>17</span> <span class='ocrx_word' id='word_1_415' title='bbox 967 4069 1064 4122; x_wconf 72' lang='lat' dir='ltr'>cauma</span> <span class='ocrx_word' id='word_1_416' title='bbox 1081 4069 1124 4121; x_wconf 88' lang='lat' dir='ltr'>cst</span> <span class='ocrx_word' id='word_1_417' title='bbox 1141 4081 1200 4121; x_wconf 89' lang='lat' dir='ltr'>cam</span> <span class='ocrx_word' id='word_1_418' title='bbox 1217 4067 1256 4136; x_wconf 86' lang='lat' dir='ltr'>M,</span> 
     </span>
     <span class='ocr_line' id='line_1_40' title="bbox 112 4144 1257 4222; baseline 0.003 -19"><span class='ocrx_word' id='word_1_419' title='bbox 112 4149 256 4207; x_wconf 86' lang='lat' dir='ltr'>Laetus..</span> <span class='ocrx_word' id='word_1_420' title='bbox 275 4184 309 4192; x_wconf 95' lang='lat'>—</span> <span class='ocrx_word' id='word_1_421' title='bbox 338 4156 369 4207; x_wconf 89' lang='lat'>18</span> <span class='ocrx_word' id='word_1_422' title='bbox 391 4169 454 4207; x_wconf 92' lang='lat' dir='ltr'>nam</span> <span class='ocrx_word' id='word_1_423' title='bbox 478 4156 518 4217; x_wconf 88' lang='lat' dir='ltr'>ut]</span> <span class='ocrx_word' id='word_1_424' title='bbox 544 4147 623 4221; x_wconf 80' lang='lat' dir='ltr'>‘sort</span> <span class='ocrx_word' id='word_1_425' title='bbox 646 4166 711 4206; x_wconf 91' lang='lat' dir='ltr'>nam</span> <span class='ocrx_word' id='word_1_426' title='bbox 734 4144 773 4206; x_wconf 90' lang='lat' dir='ltr'>et’</span> <span class='ocrx_word' id='word_1_427' title='bbox 796 4152 867 4222; x_wconf 89' lang='lat' dir='ltr'>LSp.</span> <span class='ocrx_word' id='word_1_428' title='bbox 893 4151 963 4207; x_wconf 81' lang='lat' dir='ltr'>idem</span> <span class='ocrx_word' id='word_1_429' title='bbox 987 4157 1070 4207; x_wconf 78' lang='lat' dir='ltr'>antea</span> <span class='ocrx_word' id='word_1_430' title='bbox 1087 4150 1137 4206; x_wconf 83' lang='lat' dir='ltr'>del.</span> <span class='ocrx_word' id='word_1_431' title='bbox 1156 4154 1196 4207; x_wconf 86' lang='lat' dir='ltr'>ut.</span> <span class='ocrx_word' id='word_1_432' title='bbox 1223 4182 1257 4190; x_wconf 93' lang='lat'><em>-</em></span> 
     </span>
    </p>
   </div>
   <div class='ocr_carea' id='block_1_5' title="bbox 112 4231 1054 4394">
    <p class='ocr_par' dir='ltr' id='par_1_8' title="bbox 112 4231 1054 4394">
     <span class='ocr_line' id='line_1_41' title="bbox 112 4231 816 4323; baseline 0.006 -19"><span class='ocrx_word' id='word_1_433' title='bbox 112 4250 230 4317; x_wconf 84' lang='lat' dir='ltr'>deciens]</span> <span class='ocrx_word' id='word_1_434' title='bbox 248 4256 347 4323; x_wconf 75' lang='lat' dir='ltr'>vulg,</span> <span class='ocrx_word' id='word_1_435' title='bbox 365 4254 484 4310; x_wconf 84' lang='lat' dir='ltr'>decianis</span> <span class='ocrx_word' id='word_1_436' title='bbox 502 4254 536 4308; x_wconf 89' lang='lat' dir='ltr'>F.</span> <span class='ocrx_word' id='word_1_437' title='bbox 554 4284 588 4294; x_wconf 91' lang='lat'>-</span> <span class='ocrx_word' id='word_1_438' title='bbox 605 4255 658 4309; x_wconf 90' lang='lat' dir='ltr'>hoc</span> <span class='ocrx_word' id='word_1_439' title='bbox 675 4231 766 4310; x_wconf 71' lang='lat' dir='ltr'>neerei</span> <span class='ocrx_word' id='word_1_440' title='bbox 783 4254 816 4309; x_wconf 93' lang='lat' dir='ltr'>F.</span> 
     </span>
     <span class='ocr_line' id='line_1_42' title="bbox 138 4337 1054 4394; baseline 0.009 -17"><span class='ocrx_word' id='word_1_441' title='bbox 138 4337 273 4388; x_wconf 80' lang='lat' dir='ltr'>Spengel,</span> <span class='ocrx_word' id='word_1_442' title='bbox 286 4341 352 4383; x_wconf 80' lang='lat' dir='ltr'>Varro</span> <span class='ocrx_word' id='word_1_443' title='bbox 365 4339 392 4383; x_wconf 85' lang='lat' dir='ltr'>do</span> <span class='ocrx_word' id='word_1_444' title='bbox 404 4340 481 4393; x_wconf 88' lang='lat' dir='ltr'>lingua</span> <span class='ocrx_word' id='word_1_445' title='bbox 494 4337 572 4382; x_wconf 77' lang='lat' dir='ltr'>latina.</span> <span class='ocrx_word' id='word_1_446' title='bbox 1022 4342 1054 4394; x_wconf 76' lang='lat'>15</span> 
     </span>
    </p>
   </div>
   <div class='ocr_carea' id='block_1_6' title="bbox 0 0 1534 5048">
    <p class='ocr_par' dir='ltr' id='par_1_9' title="bbox 0 0 1534 5048">
     <span class='ocr_line' id='line_1_43' title="bbox 0 0 1534 5048; baseline 0 1"><span class='ocrx_word' id='word_1_447' title='bbox 0 0 1534 5048; x_wconf 95' lang='lat' dir='ltr'> </span> 
     </span>
    </p>
   </div>
  </div>
 </body>
</html>
