3038 5048
668 287 706 342 ne
722 287 789 342 libro
806 287 858 343 vll.

592 465 622 518 ia
646 462 780 519 Clastidio
807 462 961 520 Vitnloatas
984 504 991 520 .
1016 506 1022 519 .

590 548 621 602 ia
644 546 715 603 Dola
739 546 882 619 Caperata
906 589 912 603 .
936 589 943 603 .

588 633 619 687 ia
643 631 782 687 Demetrio
804 632 938 688 Persidas
962 672 969 688 .
993 673 1000 687 .

591 718 622 773 ia
643 716 836 788 Lampadione
858 717 1004 773 Protiaam
1025 756 1035 774 .
1058 758 1065 773 .

590 802 622 857 ia
642 800 791 873 Nagidone
815 799 963 858 Gaudacas
987 843 994 859 .
1018 845 1024 860 .

589 887 619 942 ia
643 886 759 943 Romala
781 885 907 960 Sponsas
930 928 937 944 .
961 927 968 943 .

591 970 621 1026 ia
643 970 794 1043 Stigmatia
816 971 940 1027 Praedia
964 1013 970 1028 .
994 1009 1003 1026 .

589 1056 620 1110 ia
646 1056 782 1112 Teolraa'ca
807 1054 961 1129 confictam
985 1098 991 1110 .
1015 1098 1021 1111 .

588 1142 619 1196 ia
644 1141 801 1197 Tarentilla
823 1141 914 1212 Pacui
935 1143 999 1196 dom

586 1227 617 1280 ia
642 1225 828 1282 Tunicularia
849 1224 977 1282 Eadalaa

591 1310 621 1366 ia
644 1312 841 1384 bellapertica
867 1351 874 1366 .
898 1351 905 1366 .
928 1309 1053 1367 Sarrare
1078 1351 1085 1366 .
1108 1351 1115 1366 .

180 1392 228 1449 llis
251 1392 386 1466 congestis
412 1409 480 1467 quae
507 1393 542 1450 sit
563 1393 676 1452 Varroni
704 1395 731 1450 in
758 1396 847 1469 poetis
874 1395 1013 1453 laudandis
1040 1396 1152 1452 varietas
1180 1394 1333 1469 perspicere

181 1494 334 1552 possumus.
378 1477 481 1535 Primae
504 1476 573 1536 haud
602 1480 722 1555 integrae
748 1481 832 1555 partis
861 1481 879 1537 i.
903 1481 1071 1538 elocatum
1101 1479 1240 1537 duodecim
1269 1488 1334 1536 sunt

180 1580 283 1628 versus,
307 1578 423 1636 quornm
446 1562 566 1637 quinque
587 1573 728 1638 poetarum
750 1564 903 1622 nominibus
926 1566 1048 1624 destituti
1069 1574 1142 1622 sunt.
1181 1563 1283 1638 primm
1305 1572 1333 1620 et

179 1648 275 1705 tertius
297 1646 374 1703 Ennii
396 1655 452 1713 est,
481 1648 544 1705 item
568 1658 680 1722 quartus
703 1659 730 1707 et
751 1651 875 1724 quintus,
906 1651 1005 1724 quibam
1033 1650 1105 1707 haud
1132 1649 1212 1706 dubie
1233 1662 1332 1705 namen

181 1732 272 1798 deest,
307 1732 380 1806 quod
401 1731 502 1789 Ennius
528 1734 676 1807 praecedit,
711 1743 864 1808 postremus
895 1752 988 1792 versus
1016 1736 1104 1792 Naevii
1131 1735 1235 1791 videtur
1263 1749 1331 1790 esse.

181 1817 275 1891 incipit
296 1817 430 1874 secundus
452 1833 546 1875 versus
567 1818 690 1875 averiis
713 1821 787 1893 good
810 1828 850 1876 est
872 1823 950 1893 apud
971 1817 1093 1886 Accium,
1117 1819 1211 1877 tertius
1233 1817 1333 1876 omisso

180 1903 289 1959 nomine
311 1902 386 1973 quod
407 1909 448 1957 est
465 1943 472 1958 .
488 1942 496 1959 .
513 1903 540 1958 in
556 1904 651 1959 ceteris
666 1903 727 1977 plus
741 1904 809 1960 Lxx
829 1904 895 1961 locis
917 1904 986 1961 inira
1007 1905 1140 1962 invenitur
1162 1903 1181 1978 ξ
1197 1904 1236 1962 72
1259 1903 1333 1977 gaad

181 1994 223 2043 est
238 1987 315 2059 opud
330 1984 468 2051 Cassium,
491 1995 518 2043 et
533 1985 551 2060 ξ
570 1988 609 2046 98
636 1989 714 2061 apud
728 1988 880 2045 Plantam.
895 2030 902 2044 .
915 1991 992 2063 apud
1018 1991 1133 2046 eoadem
1157 1991 1232 2062 qood
1246 1987 1333 2059 ert.*)

180 2070 365 2128 Nominativns
386 2069 427 2126 bis
449 2071 547 2144 legitur
568 2071 679 2128 Enalos
701 2114 710 2133 .
733 2114 740 2138 ,
766 2073 887 2129 Pacuius
912 2113 920 2129 .
944 2114 951 2129 .
974 2083 1030 2130 tuan
1059 2090 1124 2132 vero
1154 2082 1210 2136 ter,
1243 2083 1270 2130 et
1298 2072 1330 2135 si,

182 2155 256 2230 quad
280 2163 352 2211 reete
374 2155 563 2219 coniecerunt,
586 2157 614 2212 in
636 2159 719 2230 quasi
739 2164 836 2231 poetae
857 2174 956 2215 namen
977 2157 1059 2224 latet,
1088 2166 1182 2232 quater
1204 2158 1332 2212 continno

181 2239 322 2315 genetivus
344 2249 456 2314 apparet
477 2238 496 2313 ξ
521 2242 643 2300 19-22
667 2242 734 2298 Acci
756 2281 764 2298 .
787 2280 795 2298 .
817 2241 905 2298 llaaii
929 2282 936 2298 .
959 2281 966 2297 .
992 2240 1074 2298 Cassi
1097 2282 1105 2299 .
1129 2281 1137 2298 .
1158 2239 1259 2305 Pacui,
1286 2241 1333 2314 qui

185 2326 214 2381 in
235 2323 411 2398 sequentibus
432 2341 570 2399 nunquam
590 2327 716 2384 recurrit.

271 2409 410 2467 Secundae
429 2411 528 2484 partis,
562 2412 581 2468 i.
604 2428 628 2469 e.
651 2427 835 2485 eorumquae
862 2410 890 2467 in
917 2408 984 2467 locis
1014 2418 1094 2473 sunt,
1128 2409 1204 2467 euius
1231 2408 1336 2465 initium

186 2494 361 2559 desideratur,
385 2496 440 2552 duo
462 2504 490 2552 et
510 2495 620 2570 triginta
640 2494 691 2553 laci
714 2495 872 2563 laudantur3
896 2495 998 2569 primus
1020 2494 1144 2560 mutilus,
1167 2493 1286 2551 secundo
1308 2503 1336 2551 et

186 2581 266 2636 tertia
288 2587 384 2653 poetae
405 2594 503 2636 namen
525 2580 609 2645 deest,
633 2581 728 2638 ceteris
749 2582 838 2644 adest;
861 2580 887 2637 id
902 2579 949 2637 ubi
964 2580 1138 2645 desideratur,
1163 2580 1181 2653 5
1209 2580 1258 2643 36,
1283 2581 1333 2644 37,

187 2666 226 2721 44
256 2664 328 2737 quod
357 2664 492 2737 praecedit
519 2667 597 2739 epod
623 2664 747 2723 Enniam
773 2664 990 2738 intelligendum
1024 2673 1071 2722 aut
1098 2664 1204 2723 lahnlae
1236 2680 1335 2722 namen

185 2755 296 2822 apparet
316 2758 423 2822 praeter
444 2751 530 2820 864.
553 2766 613 2806 nam
635 2751 715 2808 verba
737 2752 898 2808 diabolares
918 2751 1076 2808 scenicalae
1097 2751 1254 2807 miraculae
1279 2766 1335 2807 nan

185 2831 380 2898 eCistelleria,
416 2850 484 2908 quae
510 2835 662 2909 praecedit,
695 2834 741 2892 sed
769 2843 879 2893 auctore
908 2835 992 2892 Gellia
1014 2852 1030 2893 e
1051 2834 1203 2893 Neruolaria
1229 2843 1336 2909 sumpta

184 2928 263 2982 sunt,
290 2926 317 2975 et
338 2934 399 2975 cnm
422 2929 550 2994 sequatur
570 2921 686 2985 ididem,
716 2921 882 2978 intercidisse
903 2929 971 2996 puto
992 2921 1023 2976 io
1044 2918 1231 2986 Neruolaria,
1265 2920 1335 2977 inira

186 3003 205 3074 ξ
229 3003 269 3062 88
292 3003 391 3060 iterum
413 3003 534 3069 laudata,
558 3013 589 3062 nt
609 3004 628 3079 ξ
651 3008 776 3064 54-56
796 3007 826 3062 la
849 3004 1039 3063 dleaoeoltmia
1060 3005 1203 3080 repetitum
1225 3005 1335 3080 legitur.

185 3085 286 3155 Ouater
308 3088 395 3144 decies
417 3097 487 3146 extat
509 3090 601 3163 apud,
634 3100 728 3166 qnater
749 3091 894 3165 repetitum
914 3090 933 3165 ς
955 3093 1080 3150 41-46
1103 3092 1181 3164 apoc
1202 3089 1333 3154 Ennium,

184 3171 225 3229 his
246 3173 265 3247 ς
287 3175 337 3234 48,
361 3174 413 3231 49.
437 3173 531 3232 deinde
552 3174 572 3249 ξ
594 3178 632 3235 53
657 3176 735 3249 apad
759 3174 898 3232 Naevium
921 3216 929 3232 .
953 3216 960 3231 .
983 3175 1071 3240 idem,
1108 3177 1146 3234 65
1171 3215 1178 3231 .
1203 3215 1211 3232 .
1232 3175 1335 3230 ibidem

183 3256 202 3312 i.
226 3273 249 3313 e.
273 3258 299 3313 in
322 3257 414 3314 eadem
436 3256 534 3326 labala,
556 3268 588 3317 ut
609 3259 677 3316 inira
699 3257 720 3337 ξ
742 3262 781 3320 98
805 3263 883 3333 apud
903 3259 1034 3318 Plautum
1058 3300 1066 3317 .
1090 3300 1097 3316 .
1120 3261 1198 3333 apud
1219 3259 1335 3314 eaodem

185 3343 331 3413 guadeat,
359 3345 416 3402 103
439 3342 546 3401 Loctttt
569 3386 601 3402 ..
625 3346 748 3401 eiosdaa
771 3385 779 3402 .
802 3385 809 3402 .
832 3341 921 3401 danii
944 3385 951 3401 .
976 3386 983 3401 .
1006 3345 1129 3401 eiusdem
1151 3386 1158 3400 .
1182 3385 1190 3400 .
1213 3344 1334 3399 desdam

185 3465 193 3481 .
218 3466 225 3482 .
249 3426 371 3483 eiusdem
394 3469 402 3484 .
425 3467 433 3483 .
455 3430 635 3487 nominativus
656 3429 742 3487 tribus
764 3430 899 3486 invenitur
927 3430 992 3486 locis
1021 3432 1039 3502 ᾗ
1062 3432 1101 3489 38
1125 3429 1258 3491 Plautus,
1294 3429 1331 3485 51

183 3508 319 3577 Naevius,
347 3514 385 3571 59
407 3512 547 3572 Pacuvius.
583 3514 715 3589 Imprimis
736 3515 883 3571 notandum
905 3523 947 3572 est
967 3514 985 3589 ξ
1009 3517 1132 3574 54-70
1156 3510 1335 3587 septendecim

182 3594 259 3652 loeas
274 3594 303 3669 (ξ
320 3599 358 3656 59
374 3596 442 3654 male
456 3598 554 3664 verbis,
577 3609 609 3656 ut
629 3599 791 3663 monuimus,
814 3597 957 3656 Pacaoiao
981 3616 1042 3655 com
1063 3601 1145 3656 deam
1167 3598 1335 3670 triparteata

182 3680 362 3754 interruptos)
391 3681 523 3739 eiabnlis
544 3683 675 3742 Plautinis
706 3685 865 3741 coniunctas
894 3683 997 3750 afferri,
1032 3699 1148 3758 quarum
1175 3681 1277 3756 primus
1302 3681 1334 3736 ἑκ

182 3764 389 3831 Menaechmis,
412 3774 565 3840 postremus
592 3770 623 3825 ia
648 3769 815 3826 Truculento
838 3777 894 3834 est;
926 3785 958 3826 ea
980 3769 1063 3842 magis
1084 3768 1181 3823 mirum
1202 3773 1244 3822 est
1265 3763 1334 3822 hanc

184 3849 393 3924 disputationem
414 3850 502 3908 verbis
524 3854 602 3925 opat
622 3853 747 3921 Enniam
769 3854 848 3911 finiri.
889 3854 944 3911 Nec
965 3853 1014 3910 alia
1035 3853 1152 3910 fortasse
1177 3850 1334 3924 negligenda

182 3943 261 3993 snat:
296 3937 314 4009 5
339 3937 462 3996 56-58
486 3953 501 3994 e
523 3935 609 3995 trihus
636 3938 765 3996 Plautinis
793 3937 889 3996 tabulis
916 3937 1037 3996 militaria
1066 3936 1173 3994 nomina
1201 3936 1332 4010 congerit,

249 4098 308 4168 'il
326 4103 359 4155 4¹1
377 4101 453 4168 apud
467 4099 603 4155 Lucilium
621 4102 742 4169 qnidam,
768 4101 839 4172 quod
856 4102 919 4155 olim
936 4101 1094 4154 conieceram
1112 4101 1186 4167 qaod
1207 4103 1260 4168 est,
1283 4114 1332 4152 nee

181 4165 416 4291 mlffirduffimerppit
437 4171 541 4239 etipse
565 4170 695 4239 improbo;
723 4175 871 4239 corruptum
897 4168 968 4223 istud
996 4169 1101 4236 quidem
1127 4172 1220 4236 poetae
1245 4167 1334 4221 verbis
