3060 5048
565 296 679 352 LIBER
696 296 827 354 NONUS.
863 299 1008 367 §ld—tl.
1318 299 1378 361 199

233 468 354 552 siquis
383 487 552 554 perperam
582 469 741 536 consuerit
767 468 874 537 dicere
900 470 1049 555 verbum,
1083 491 1146 539 non
1175 471 1380 557 corrigemus,

235 593 306 640 cum
327 570 362 636 id
384 569 441 636 liat
461 570 530 637 sine
551 571 679 656 poena?

320 675 349 739 9.
386 672 428 738 nt
449 672 483 738 hi
505 673 559 754 qui
580 691 695 757 pueros
716 671 749 736 in
771 671 881 739 ludum
907 673 1051 757 mittunt,
1080 680 1115 742 ut
1144 673 1269 743 discant
1298 694 1380 758 quae
1403 677 1423 758 ξ
1449 681 1487 741 15

235 773 380 842 nesciunt
402 773 500 840 verba
528 771 797 855 quemadmodum
829 774 986 859 scribant,
1023 772 1110 843 idem
1143 776 1294 845 barbatos
1328 777 1382 860 qui

197 877 426 964 signorabunt
453 875 553 942 verba
581 874 850 956 quemadmodum
879 882 1025 963 oporteat
1060 874 1123 943 dici
1155 898 1218 946 non
1252 878 1381 946 docebi-

235 998 320 1061 mus,
343 983 377 1044 ut
398 977 501 1044 sciant
523 996 587 1060 qua
608 976 731 1045 ratione
756 977 924 1045 conveniat
945 978 1032 1046 dici?

323 1083 370 1144 10.
408 1077 474 1146 Sed
496 1085 530 1145 ut
550 1080 658 1146 nutrix
679 1098 794 1165 pueros
819 1078 851 1166 [a
873 1077 967 1166 lacte]
995 1102 1058 1149 non
1086 1081 1191 1149 subito
1220 1081 1331 1149 avellit
1361 1083 1422 1163 aq
1447 1085 1487 1146 16

236 1181 481 1264 consuetudine,
514 1199 586 1248 cum
607 1201 627 1248 a
649 1182 720 1249 oibo
743 1181 877 1266 pristino
899 1182 932 1249 in
953 1181 1118 1250 meliorem
1147 1183 1301 1264 traducit,
1334 1183 1527 1251 eicerem*

236 1283 372 1352 maiores
401 1283 435 1349 in
461 1281 621 1364 loquendo
643 1301 665 1347 a
685 1282 790 1350 minus
818 1283 993 1351 commodis
1022 1283 1130 1352 verbis
1159 1285 1202 1350 ad
1231 1303 1271 1352 ea
1300 1304 1382 1368 quae

185 1397 214 1449 ro
235 1391 309 1453 sunt
336 1406 408 1453 cum
437 1384 561 1452 ratione
590 1383 714 1452 modice
748 1383 914 1453 traducere
943 1391 1076 1470 oportet.
1127 1385 1206 1453 Onm
1235 1385 1298 1453 sint
1328 1382 1383 1472 [io]

237 1487 465 1556 consuetudine
488 1489 598 1554 contra
619 1484 777 1553 rationem
799 1486 866 1553 elia
887 1488 988 1555 verba
1009 1486 1057 1553 ita
1077 1491 1112 1553 ut
1134 1505 1174 1553 ea
1195 1486 1290 1553 facile
1313 1486 1384 1554 tolli

224 1591 372 1676 possint,
402 1589 469 1656 alia
489 1593 523 1654 ut
545 1585 714 1655 videantur
736 1607 807 1655 esse
830 1588 913 1674 fixa,
944 1607 1027 1671 quae
1054 1588 1168 1656 leviter
1190 1588 1323 1656 haerent
1345 1607 1383 1654 ac

236 1691 305 1758 sine
327 1689 503 1758 offensione
525 1689 713 1756 commutari
733 1696 867 1776 possunt
888 1691 998 1758 statim
1019 1689 1062 1757 ad
1090 1691 1247 1758 rationem
1268 1689 1384 1776 corrigi

237 1797 378 1877 oportet,
419 1810 502 1874 quae
536 1795 645 1857 autem
680 1798 754 1858 sunt
790 1792 837 1859 ita
873 1793 969 1859 utin
1004 1792 1187 1878 praesentia
1224 1792 1382 1877 corrigere

185 1906 213 1959 15
233 1913 376 1978 nequeas
398 1893 475 1975 quin
496 1891 542 1958 ita
564 1890 669 1975 dicas,
702 1891 752 1958 his
775 1898 899 1977 oportet
906 1944 915 1978 ,
950 1894 978 1959 si
1000 1894 1119 1978 possis,
1150 1916 1211 1962 non
1236 1893 1297 1977 uti;
1335 1892 1383 1960 sic

237 1997 322 2062 enim
354 1995 554 2062 obsolescent
586 2014 625 2060 ac
657 1999 770 2078 postea
802 1995 867 2058 iam
901 1995 1073 2063 obliterata
1107 1997 1233 2064 facilius
1266 1994 1382 2077 corrigi

235 2102 394 2183 poterunt.

326 2203 374 2266 11.
410 2198 497 2278 Quas
526 2216 632 2265 novas·
656 2198 747 2263 verbi
777 2197 1006 2265 declinationes
1035 2199 1158 2267 ratione
1187 2197 1382 2265 introductas
1403 2202 1423 2281 q
1448 2203 1484 2262 11

238 2306 367 2385 respuet
388 2302 500 2384 iorum,
522 2298 573 2365 his
595 2299 671 2366 boni
692 2305 817 2385 poetae,
839 2300 978 2366 maxime
1000 2300 1128 2385 scenici,
1158 2297 1384 2366 consuetudine
1394 2285 1424 2335 ‘¹²'
1432 2283 1469 2325 ⁴⁶²
1478 2277 1528 2333 ⁸¹³³

188 2416 217 2468 ro
239 2403 387 2485 subigere
409 2421 503 2468 eures
524 2401 638 2487 populi
666 2400 800 2486 debent,
834 2400 921 2484 quod
948 2408 1063 2486 poetae
1092 2403 1226 2469 multum
1253 2406 1388 2485 possunt

239 2503 273 2571 in
294 2503 369 2588 hoc;
403 2509 533 2589 propter
561 2523 616 2571 eos
645 2503 805 2585 quaedam
833 2504 934 2570 uerba
963 2503 994 2571 in
1023 2503 1235 2571 declinatione
1262 2501 1386 2585 melius,

242 2606 400 2688 quaedam
415 2605 556 2674 deterius
572 2605 727 2672 dicuntur.
757 2605 959 2673 Consuetudo
981 2604 1134 2687 loquendi
1156 2612 1204 2673 est
1226 2607 1259 2671 in
1281 2609 1383 2687 motu,

240 2708 349 2790 itaque
369 2708 453 2775 solet
473 2706 542 2775 fieri
564 2728 606 2775 ex
627 2707 759 2774 meliore
786 2706 937 2792 deterior,
973 2703 1028 2793 [err
1056 2704 1223 2792 deteriore]
1255 2706 1385 2786 melior;

241 2811 341 2877 rerba
362 2828 532 2895 perperam
553 2807 640 2875 dicta
668 2807 755 2893 apud
784 2808 931 2891 antiquos
961 2809 1085 2892 aliquos
1114 2814 1242 2894 propter
1271 2812 1385 2894 poetas

326 2979 359 3034 F.
377 2979 424 3034 fol.
444 2982 477 3032 24
495 2993 541 3033 ore
559 2977 696 3032 deteriore
712 3018 720 3032 .
738 3016 748 3035 .
765 2977 897 3032 declinari

327 3150 432 3216 ipena
447 3146 481 3202 F.
508 3176 542 3187 -
568 3144 679 3216 3‘fort.
697 3146 789 3216 etqui
807 3188 814 3202 .
833 3187 840 3202 .
858 3142 1002 3203 mittimus'
1027 3146 1096 3216 usp.
1124 3177 1159 3187 —
1185 3140 1295 3217 4‘f0rt.
1319 3161 1388 3215 quae

242 3225 421 3301 ignorabunt‘
438 3232 511 3300 LSp.
535 3260 569 3271 -
591 3236 606 3286 6
625 3228 955 3302 scient1‘fort.discant'
975 3231 1047 3302 LSp.
1075 3263 1109 3272 -
1136 3229 1195 3288 'l‘a
1211 3232 1285 3287 lacte
1303 3231 1388 3285 oton-

242 3317 310 3371 dara
327 3310 446 3372 videtur‘
468 3316 539 3386 LSp.
569 3345 602 3356 —
628 3321 644 3372 9
662 3319 778 3373 maiore
796 3319 834 3383 ln]
856 3317 886 3371 in
907 3316 1018 3374 maioris
1036 3317 1068 3386 F,
1096 3332 1169 3372 corr.
1194 3315 1327 3371 Muller.
1355 3345 1389 3356 -

242 3401 375 3465 eminus]
394 3400 498 3455 animus
517 3400 549 3469 F,
572 3416 644 3456 corr.
662 3403 747 3472 vulg.
774 3433 809 3443 -
837 3408 867 3458 10
885 3403 923 3467 in]
941 3401 1049 3458 addidit
1065 3401 1202 3458 Veneta.
1231 3431 1264 3440 —
1293 3404 1323 3454 11
1342 3413 1388 3454 rs·

242 3485 318 3540 tione
335 3484 368 3538 F.
395 3514 428 3526 -
457 3489 488 3541 12
506 3487 604 3541 herent
622 3485 653 3539 F.
680 3517 714 3526 —
743 3490 772 3541 13
791 3487 899 3558 possint
915 3486 946 3555 F,
975 3501 1048 3542 corr.
1066 3486 1184 3541 Aldus.
1206 3487 1388 3554 aotpossunt

244 3575 294 3626 out
310 3573 342 3625 ut
358 3568 464 3639 possint
482 3570 512 3626 (i.
530 3570 562 3625 F.
581 3570 626 3626 W.
644 3569 769 3625 Miller
791 3589 819 3641 p.
839 3574 897 3626 869.
925 3602 958 3610 -
985 3569 1086 3639 stetim]
1111 3570 1141 3627 si
1164 3569 1236 3624 enim
1259 3568 1291 3636 F,
1318 3583 1390 3638 quoe

244 3657 272 3711 ia
295 3671 397 3710 rasura
418 3656 523 3726 sarapta
547 3670 605 3710 esse
629 3659 743 3709 testatur
764 3654 859 3720 Gratis,
882 3670 954 3710 corr.
978 3655 1114 3711 Mulier.
1132 3685 1166 3694 —
1185 3658 1218 3708 14
1234 3656 1334 3716 autem]
1353 3660 1390 3708 au

243 3741 276 3808 F,
293 3744 386 3796 tamen
401 3757 430 3810 p,
455 3743 513 3795 tum
530 3739 569 3807 M,
596 3739 730 3794 Laetus.
752 3740 828 3809 conf.
846 3739 967 3796 Reiter
983 3755 1011 3809 p.
1029 3742 1072 3794 31.
1099 3769 1132 3778 -
1158 3743 1222 3794 autc
1240 3739 1347 3793 suntin
1366 3737 1389 3792 F
1493 3790 1494 3793 ,

243 3827 280 3882 ad
305 3826 440 3880 rationem
464 3825 570 3895 scripto
595 3823 645 3878 scd
669 3823 758 3879 deleta
784 3830 856 3880 sunt.
884 3855 918 3865 -
943 3822 1136 3894 impraesentia
1161 3822 1185 3876 F
1213 3823 1330 3890 (Groth).
1357 3853 1391 3862 -

246 3915 277 3965 18
295 3910 415 3966 rationes
434 3909 466 3978 F,
492 3925 563 3964 corr.
586 3907 724 3965 Laetus.
748 3939 782 3950 -
809 3913 841 3964 10
859 3910 965 3980 possint
982 3909 1015 3978 F,
1033 3925 1106 3965 corr.
1124 3907 1391 3965 Rholendellus.

244 4025 279 4034 -
296 3998 328 4050 13
345 4011 380 4050 ex
396 3995 507 4049 meliore
525 3993 652 4062 deterior,
669 4009 705 4050 ex
722 3994 856 4050 deteriore
872 3994 975 4060 melior]
992 3993 1065 4064 LSp,
1083 3997 1111 4049 et
1127 3992 1238 4048 meliore
1256 3992 1393 4050 deteriora

245 4079 357 4135 meliora
368 4080 391 4134 F
404 4096 465 4135 oum
480 4079 577 4134 cetere
588 4079 652 4144 (cisi
664 4078 738 4149 quod
748 4094 766 4135 a
777 4079 887 4135 meliore
899 4081 933 4135 alr
946 4080 1024 4134 initio
1033 4079 1076 4145 V),
1095 4094 1130 4132 err
1140 4078 1252 4143 meliore
1264 4078 1392 4135 deterior.

245 4163 358 4219 meliora
375 4164 463 4232 vulg.
481 4180 518 4219 coc
537 4164 569 4230 B,
587 4167 615 4219 et
631 4163 728 4220 melior
745 4180 760 4218 e
778 4163 912 4220 deteriore
930 4169 957 4220 et
974 4162 1125 4218 deteriore
1142 4163 1254 4219 meliore
1272 4167 1300 4219 et
1318 4165 1392 4220 Ant.

246 4246 366 4303 Miller.
386 4279 418 4288 -
437 4252 471 4302 11
488 4247 590 4303 dictem
607 4249 739 4319 FMVp,
757 4248 859 4304 dictum
876 4249 1013 4303 Laetus.
