3038 5048
461 316 575 373 LIBER
592 315 759 386 QUINTUS.
795 319 937 386 §ss-58.
1233 314 1272 375 23

130 488 231 556 tribus
260 489 424 574 appellata
453 489 657 574 Titiensium,
687 489 871 572 Ramnium,
902 491 1067 556 Lucerum.
1110 487 1274 570 nominati,

130 597 165 656 ut
186 591 233 656 ait
253 590 382 672 Ennius,
405 590 564 657 Titienses
585 591 627 656 ab
642 591 746 672 Tatio,
768 590 965 658 Ramnenses
987 592 1029 657 ab
1046 591 1190 675 Romulo,
1212 590 1274 655 Lu·

131 711 229 776 ceres,
253 697 288 757 ut
301 689 419 774 Iunius,
435 691 477 759 ab
493 693 689 776 Lucumone,
713 691 770 760 sed
786 691 892 759 omnia
906 692 988 758 haec
1002 691 1161 760 vocabula
1175 686 1275 774 tusca,

130 799 165 858 nt
186 792 333 871 Volnius,
365 793 419 873 qui
440 794 623 877 tragoedias
645 800 752 861 tuscas
774 794 916 879 scripsit,
939 793 1076 860 dicebat.
1141 793 1193 858 Ab
1214 792 1275 859 hoe
1297 794 1317 873 ξ
1340 795 1381 856 56

92 908 109 958 s
131 901 280 976 quattuor
303 912 428 977 quoque
450 895 550 980 partis
571 896 659 962 urbis
681 897 781 962 tribus
797 895 910 979 dictae,
932 895 974 962 ab
996 895 1075 962 locis
1095 894 1272 976 Suburana,
1284 910 1313 960 tn·
1324 908 1349 949 62
1358 904 1415 959 snb

130 996 288 1078 Palatina,
310 997 486 1080 Esquilina,
510 997 644 1081 Collina,
668 999 787 1083 quinta,
811 996 897 1079 quod
912 997 971 1063 sub
986 997 1097 1079 Roma,
1119 996 1273 1077 Romilia;
1335 1059 1337 1064 .

132 1099 178 1164 sic
192 1096 336 1179 reliquae
358 1097 489 1182 triginta
504 1098 545 1165 ab
561 1099 611 1164 his
629 1099 724 1166 rebus
740 1099 855 1182 quibus
875 1098 910 1163 in
925 1097 1041 1163 tribum
1055 1097 1138 1165 libro
1153 1097 1274 1181 scripsi.

220 1204 267 1265 10.
301 1197 394 1276 Quod
423 1198 466 1264 ad
493 1201 564 1266 loca
593 1220 738 1283 quaeque
763 1201 813 1267 his
836 1201 1003 1266 coniuncta
1024 1199 1163 1282 fuerunt,
1194 1197 1276 1282 dixi;
1298 1199 1318 1278 ξ
1341 1200 1382 1262 57

131 1321 214 1367 nunc
236 1300 277 1366 de
299 1300 349 1366 his
372 1302 507 1385 quaein
529 1302 608 1367 loeis
637 1321 707 1368 esse
729 1303 833 1370 solent
860 1302 1054 1369 immortalia
1075 1309 1107 1367 et
1129 1299 1277 1369 mortalia

79 1414 110 1466 ιο
133 1401 320 1487 expediam,
347 1403 393 1468 ita
414 1411 449 1469 ut
471 1404 558 1487 prius
580 1402 665 1486 quod
694 1403 736 1468 ad
764 1403 844 1470 deos
871 1403 1008 1487 pertinet
1030 1403 1145 1469 dicam.
1188 1402 1277 1470 Prin-

134 1505 221 1589 cipes
243 1505 297 1571 dei
320 1504 451 1571 Caelum
475 1511 506 1571 et
525 1507 633 1572 Terra.
669 1505 703 1571 hi
726 1505 779 1571 dei
801 1505 887 1571 idem
910 1505 964 1589 qui
985 1506 1125 1590 Aegypti
1147 1504 1418 1588 serapteocsoo

134 1613 166 1673 et
179 1607 249 1687 Isis,
274 1606 333 1672 etsi
350 1607 542 1691 Arpocrates
564 1607 665 1690 digito
687 1607 855 1691 signifieat,
877 1615 912 1674 ut
929 1615 1063 1674 taceam.
1093 1607 1178 1673 idem
1193 1608 1277 1689 prin·

133 1707 219 1791 cipes
241 1709 274 1773 in
297 1708 389 1773 Latio
412 1708 566 1774 Saturnus
588 1716 621 1774 et
642 1707 719 1793 Ops.
784 1710 885 1775 Terra
907 1710 992 1776 enim
1014 1713 1047 1776 et
1069 1708 1216 1790 Caelum,
1243 1713 1279 1773 ut
1299 1705 1320 1784 ἕ
1343 1706 1382 1768 58

133 1808 376 1875 Samothracum
398 1808 488 1874 initia
511 1811 640 1890 docent,
668 1816 740 1875 sunt
763 1811 824 1875 Dei
846 1810 969 1893 Magni,
999 1810 1085 1876 ethi
1108 1829 1187 1892 quos
1209 1809 1278 1875 dixi

80 1924 111 1974 15
134 1911 240 1977 multis
261 1910 457 1993 nominibus,
488 1931 551 1976 non
574 1930 653 1992 quas
677 1909 898 1978 Samothracia
923 1919 997 1979 ante
1019 1917 1145 1996 portum
1168 1912 1278 1978 statuit

134 2012 213 2078 duas
235 2012 337 2078 virilis
358 2013 481 2096 species
503 2031 621 2078 aeneas
641 2013 703 2078 Dei
718 2012 834 2095 Magni,
857 2031 962 2094 neque
984 2019 1018 2079 ut
1040 2015 1154 2097 volgus
1177 2020 1277 2099 putat,

203 2169 215 2218 1
226 2164 380 2233 appellatae
390 2162 474 2230 vulg.
485 2178 522 2216 en
531 2163 563 2216 B.
574 2193 606 2201 —
617 2161 787 2226 Titiensium]
801 2162 871 2230 LSp‚
882 2163 1001 2231 (iroth,
1014 2165 1171 2218 latiensium
1183 2165 1276 2219 libri.

133 2248 211 2318 conf.
221 2249 285 2316 §81,
295 2251 386 2316 cast.
402 2246 475 2301 Fest.
486 2265 512 2316 p.
521 2250 580 2316 366,
592 2248 683 2313 1οΜ.;
696 2247 754 2302 Liv.
762 2247 784 2314 I,
796 2250 835 2313 13,
846 2250 869 2300 8.
882 2243 1011 2302 ‘conicias
1019 2247 1163 2303 Ramnium
1174 2248 1278 2304 Titien-

133 2332 211 2400 sium,
220 2332 357 2387 sedetiam
367 2331 445 2401 infra
454 2333 470 2400 ξ
479 2334 581 2385 saecat
593 2333 672 2385 istum
682 2330 802 2385 ordinem
812 2327 945 2401 sequitur'
953 2332 1026 2402 LSp.
1034 2363 1064 2370 —
1074 2333 1214 2399 nominati}
1224 2335 1280 2387 sive

133 2416 281 2471 nominatei
290 2416 362 2486 LSp,
379 2416 535 2470 nominatae
547 2415 637 2469 libri.
648 2445 681 2455 -
700 2419 715 2470 2
728 2415 860 2479 titienses]
873 2414 966 2485 FMp,
984 2416 1084 2471 tatiens
1097 2416 1131 2480 H,
1144 2418 1279 2472 tacienses

133 2500 167 2568 V,
176 2501 322 2569 Laetus,
339 2501 457 2555 ticenses
468 2517 493 2567 a,
506 2500 635 2555 tabiensis
644 2501 671 2569 b,
688 2501 774 2555 tacies
785 2501 816 2554 Β.
828 2531 860 2538 -
872 2500 990 2555 titiensis
1001 2542 1007 2554 .
1019 2541 1025 2554 .
1035 2501 1185 2555 ramnensis
1197 2500 1279 2567 Epi·

132 2589 232 2652 tome,
251 2585 381 2639 Becker
399 2585 525 2652 antiquit.
535 2585 606 2652 II,1,
620 2588 649 2638 18
668 2586 752 2639 -ab
771 2584 803 2638 T.
823 2585 903 2639 Tatio
923 2586 1038 2641 Groth.
1058 2617 1089 2625 -
1108 2585 1227 2641 Ramnes
1246 2587 1279 2654 B,

133 2669 220 2738 vulg.
230 2671 258 2722 in
268 2685 356 2740 marg.
366 2698 401 2709 —
418 2669 515 2724 diurnis
534 2685 605 2723 corr.
617 2685 654 2724 ex
670 2670 763 2724 iunius
780 2677 812 2724 ut
829 2670 881 2725 oid.
891 2670 914 2723 F
925 2670 1040 2736 (Groth).
1054 2701 1085 2709 —
1105 2671 1239 2726 Auoluius
1251 2689 1278 2742 p,

132 2753 294 2808 Volumnius
312 2752 449 2809 Laetus.
474 2785 506 2793 -
532 2756 670 2824 tragedias
688 2755 720 2809 F.
748 2786 780 2794 -
807 2760 821 2809 5
841 2759 970 2824 quattuor
987 2759 1102 2825 quoque]
1121 2755 1281 2826 Epitome

134 2837 237 2892 HacF
255 2837 284 2891 in
297 2834 487 2909 quo''quoque
502 2832 647 2908 quattuor''
665 2846 713 2905 cst,
731 2856 837 2910 quoque
855 2843 984 2908 quattuor
1002 2840 1113 2894 ceteri
1130 2841 1281 2911 forthere,

132 2922 209 2992 cons.
229 2923 297 2992 inst.
311 2922 349 2976 ad
365 2925 435 2992 §aa
455 2954 486 2963 -
500 2930 567 2995 post
584 2926 674 2980 dictae
691 2924 865 2997 interpunxit
882 2925 1005 2993 (iroth,
1023 2925 1104 2995 vulgo
1118 2934 1185 2997 post
1202 2926 1279 2982 locis.

134 3039 166 3046 -
186 3001 350 3077 6‘palatina
366 3014 432 3080 post
449 3009 548 3065 collina
565 3009 653 3078 vulg.
671 3027 709 3066 ea
727 3011 758 3076 B,
777 3009 853 3080 qnod
869 3025 961 3065 verum
976 3009 1062 3081 pnto’
1080 3010 1152 3079 LSp.
1179 3011 1282 3067 collina

134 3093 273 3162 esquilina
291 3092 455 3161 Epitome.
475 3125 508 3134 -
527 3100 541 3148 7
560 3095 666 3164 reliqua
684 3094 796 3151 GHab
807 3111 830 3162 e,
847 3094 952 3163 reliqua
969 3111 1041 3149 corr.
1052 3111 1090 3150 ex
1106 3095 1228 3165 reliquae
1247 3097 1279 3150 F.

133 3208 168 3217 —
185 3177 306 3244 triginta]
326 3176 519 3248 Turnebus,
546 3181 613 3236 trita
629 3180 714 3235 libri
732 3181 794 3245 (tria
811 3179 851 3247 H,
872 3183 944 3234 terta
961 3178 1010 3246 M),
1036 3179 1124 3234 tribus
1143 3180 1280 3236 Laetus.

134 3292 168 3300 —
185 3263 306 3316 tribuum
324 3262 460 3318 Laetus.
488 3265 522 3318 de
543 3265 638 3334 forma
662 3270 803 3320 contracta
826 3263 879 3319 vr'd.
898 3264 1047 3319 Kettner
1064 3264 1134 3319 Krit.
1155 3265 1280 3321 Bemerk.

133 3363 162 3415 p.
183 3351 223 3415 13,
241 3346 334 3401 Neue
351 3345 487 3402 Formenl.
505 3349 531 3402 I¹
548 3366 576 3419 p.
590 3353 640 3403 370
650 3366 688 3418 sq.
708 3379 740 3388 —
758 3348 837 3412 libro]
855 3347 1024 3419 Epitome‚
1042 3349 1120 3403 libris
1138 3349 1281 3419 Laetus,

133 3431 218 3485 libros
236 3430 259 3483 F
277 3444 338 3482 cum
356 3434 459 3486 ceteris.
472 3464 503 3473 -
524 3437 539 3487 8
557 3433 609 3498 his]
628 3434 681 3488 hiis
693 3434 727 3502 V,
744 3432 778 3487 iis
797 3432 980 3488 Laetus-
998 3433 1079 3488 sniis
1089 3434 1122 3487 V.
1134 3464 1165 3472 —
1187 3438 1214 3487 ll
1235 3434 1282 3503 qui

135 3514 262 3584 Aegypti]
274 3513 339 3581 quia
350 3515 435 3584 egipti
445 3517 469 3571 F
479 3518 504 3572 V
513 3534 539 3586 p.
565 3515 645 3587 ‘fort
658 3517 798 3589 Aegyptio,
816 3516 865 3571 sed
875 3517 928 3572 vid.
943 3515 1018 3585 §79²
1032 3519 1103 3588 LSp.
1122 3549 1155 3558 -
1175 3523 1206 3573 12
1220 3520 1280 3585 etsi]

134 3604 164 3656 ot
181 3605 223 3655 ste
240 3599 324 3668 vulg.
343 3629 377 3637 -
394 3603 570 3670 Arpocrates]
589 3601 988 3672 confiAug.Mullerp.1l.
1008 3633 1039 3640 —
1057 3603 1172 3671 tecam]
1192 3603 1281 3658 Tur-

136 3686 254 3753 nebus,
272 3687 345 3738 tatas
364 3699 423 3738 eam
441 3685 500 3740 ΕΗ
511 3686 570 3755 Vp,
592 3690 667 3741 estas
686 3703 746 3742 eam
764 3687 797 3742 G.
810 3718 840 3725 —
858 3686 995 3756 signifieat
1012 3687 1059 3756 qui
1077 3691 1140 3742 sunt
1159 3686 1280 3743 Taautes

136 3775 165 3826 et
179 3773 291 3825 Astarte
300 3770 472 3833 (Aschnrtem
480 3771 513 3835 Bt
531 3772 606 3839 apud
623 3771 774 3826 Phoenicas
791 3776 822 3826 ut
840 3773 925 3840 vulg.
936 3788 975 3827 ex
984 3771 1014 3824 Β.
1034 3802 1067 3809 -
1087 3775 1118 3825 13
1137 3773 1185 3827 obs
1204 3773 1236 3826 F.
1247 3803 1282 3812 ·-

139 3859 170 3909 14
188 3853 402 3918 Samothracum]
421 3855 565 3923 Laetus,
583 3857 753 3910 mothracum
770 3856 906 3910 libri-
928 3863 957 3911 15
976 3856 1173 3924 Samothracia]
1192 3858 1281 3914 Lae-

136 3944 208 4008 tus,
234 3938 373 3992 ambracia
395 3938 497 3993 Foum
521 3941 631 4004 ceteris,
658 3939 791 3996 Imbrasia
815 3941 981 4010 Scaliger.
1008 3970 1042 3980 -
1068 3946 1162 4011 portas
1186 3942 1281 3999 libri.

136 4022 254 4092 ‘portum
271 4022 359 4078 serim
376 4039 437 4078 cum
456 4024 593 4079 Salmas.
617 4025 653 4079 ad
670 4025 769 4096 script.
788 4025 823 4080 H.
842 4028 875 4080 A.
893 4042 921 4095 p.
940 4030 981 4079 40.
1019 4025 1094 4095 conf.
1119 4025 1192 4081 Serv.
1212 4029 1282 4083 Aen.

137 4107 237 4176 111,rr.
266 4122 322 4160 noo
340 4113 412 4162 recte
430 4108 569 4163 Lobeck
587 4109 720 4178 Aglaoph.
738 4129 765 4182 p.
783 4107 864 4164 1244‘
884 4111 955 4180 LSp.
974 4139 1007 4148 -
1028 4114 1059 4164 16
1076 4112 1175 4180 magni]
1194 4112 1283 4167 Lae·

137 4196 207 4259 tus,
233 4190 344 4259 imagini
360 4192 453 4247 libri.
489 4188 541 4247 ‘bis
557 4192 644 4248 addas
661 4194 742 4249 verba
765 4196 811 4266 qui
829 4195 927 4250 Castor
948 4198 976 4250 et
992 4195 1091 4250 Pollux
1115 4213 1186 4267 quae
1203 4197 1283 4268 infra

136 4270 305 4346 sequuntur‘
325 4276 395 4348 LSp.
431 4278 475 4332 dei
492 4278 582 4346 magni
599 4277 741 4334 abundare
757 4279 890 4335 videntur.
