3060 5048
416 319 421 326 ·
464 294 579 383 LIBER
596 293 745 350 SEXTUS.
780 295 925 361 §al-27.
1229 291 1268 349 81

121 463 212 531 viam
233 465 354 549 exitur,
382 471 418 532 ut
443 465 533 531 aiunt
554 464 684 549 quidam
706 465 749 532 ad
770 465 949 550 sepulcrum
970 463 1093 547 Accae,
1123 468 1159 530 ιιι
1186 460 1271 545 quod

121 561 185 647 ibi;
206 582 308 649 prope
321 566 442 634 faciunt
457 567 518 634 diis
532 567 682 635 Manibus
699 567 869 634 servilibus
890 566 1088 650 sacerdotes;
1111 566 1167 648 qui
1187 572 1270 633 uter·

123 686 189 751 que
209 668 299 747 locus
321 674 412 736 extra
433 670 544 736 urbem
566 671 730 752 antiquam
751 670 811 736 fuit
836 691 899 738 non
927 670 1023 753 longe
1050 689 1071 734 a
1095 674 1188 753 porta
1210 669 1424 734 Iso-‹amsa›

121 769 266 855 mauula,
288 768 329 838 de
344 790 408 855 qua
429 771 463 838 in
484 771 589 857 priore
608 773 690 840 libro
706 772 783 839 dixi.
817 772 897 837 Dies
912 770 1157 856 Septimontium
1171 770 1271 836 nomi·

85 877 218 939 enatus
239 873 282 940 ab
304 872 354 939 his
379 880 503 960 septem
531 875 709 960 montibus,
738 873 865 956 inquis
887 873 950 940 sita
970 872 1056 939 Urbs
1080 876 1143 954 est,
1171 873 1271 938 leriae

122 993 190 1041 uon
210 974 322 1060 populi
344 975 402 1042 sed
424 981 647 1044 montanorum
669 975 781 1060 modo,
809 984 844 1041 ut
865 974 1099 1059 Paganalibus,
1122 973 1273 1058 quisunt

76 1082 80 1087 ’
122 1075 260 1145 alicuius
288 1077 373 1164 pagi.
427 1081 477 1145 De
507 1082 634 1148 statutis
663 1080 777 1147 diebus
804 1079 888 1164 dixi3
923 1078 965 1146 de
992 1078 1161 1144 annalibus
1189 1097 1272 1144 nuuc
1292 1074 1312 1152 ξ
1334 1076 1374 1138 25

122 1175 177 1258 [dc
198 1181 337 1261 statutis]
358 1181 476 1251 dicam.
509 1184 702 1270 Compitalia
723 1183 792 1250 dics
814 1182 984 1248 attributus
999 1181 1135 1247 Laribus
1157 1180 1271 1264 compi-

123 1282 260 1370 talibus;
283 1283 357 1353 ideo
372 1286 428 1353 ubi
441 1287 514 1353 viae
541 1290 724 1372 competunt
745 1290 811 1352 tum
833 1286 867 1351 in
889 1285 1044 1368 competis
1066 1281 1271 1349 sacrificatur.

72 1400 102 1449 ro
123 1385 302 1465 Quotannis
330 1387 359 1454 is
388 1388 458 1455 dies
485 1388 669 1474 concipitur.
713 1388 869 1454 Similiter
896 1387 1030 1452 Latinae
1058 1383 1174 1451 Feriae
1202 1384 1271 1451 dies

123 1487 331 1575 conceptivus
353 1488 459 1557 dictus
474 1512 495 1555 a
510 1491 631 1557 Latinis
653 1490 790 1576 populis,
814 1489 929 1570 quibus
951 1507 992 1553 ex
1014 1488 1140 1554 Albano
1164 1493 1422 1553 montebruno

123 1610 166 1657 cx
187 1591 289 1658 sacris
311 1611 438 1659 carnem
460 1600 570 1678 petere
592 1592 653 1658 fuit
674 1592 725 1658 ius
747 1612 819 1658 cum
841 1591 1003 1675 Romanis,
1028 1609 1048 1654 a
1070 1590 1186 1672 quibus
1209 1591 1268 1655 La·

121 1692 199 1759 tinis
218 1693 352 1762 Latinae
367 1694 482 1762 dictae.
526 1695 732 1763 Sementivae
747 1694 877 1778 Fcriae;
900 1692 1028 1778 diesis,
1052 1693 1105 1777 qui
1128 1714 1148 1760 a
1167 1693 1269 1776 ponti·
1292 1688 1313 1767 ἓ
1335 1690 1376 1753 26

123 1794 238 1864 ficibus
260 1796 373 1883 dictus,
396 1798 578 1884 appellatus
600 1818 621 1863 a
642 1803 794 1882 semente,
818 1798 904 1880 quod
926 1795 1060 1862 sationis
1084 1815 1181 1862 causa
1202 1814 1270 1862 sus-

73 1912 101 1961 rs
125 1904 248 1985 ceptae.
290 1902 473 1986 Paganicae
495 1901 639 1969 eiusdem
661 1899 873 1984 agriculturae
895 1917 993 1965 causa
1018 1905 1203 1982 susceptae,
1237 1904 1271 1963 ιιι

123 1999 282 2068 haberent
302 2003 335 2069 in
357 2006 442 2090 agris
465 2025 575 2071 omnes
597 2022 709 2090 pagus,
732 2002 816 2067 unde
837 2000 1015 2084 paganicae
1039 2000 1153 2066 dictae.
1191 2000 1272 2066 Sunt

123 2110 293 2187 praeterea
312 2105 413 2172 feriae
443 2106 649 2191 concaptivae
678 2124 760 2186 quae
782 2123 846 2169 non
868 2107 942 2168 sunt
964 2101 1114 2185 annales,
1147 2107 1182 2167 ut
1209 2101 1271 2167 hae

123 2223 208 2288 quac
229 2203 376 2274 dicuntur
402 2207 470 2276 siue
499 2209 626 2294 proprio
649 2205 807 2274 vocabulo
837 2209 892 2271 aut
920 2185 1002 2269 cum'
1020 2203 1203 2288 perspicuo,
1236 2208 1271 2267 ut

122 2309 334 2375 Nouendialis
355 2316 437 2376 sunt.

72 2421 101 2470 20
211 2416 240 2477 4.
263 2412 313 2479 De
347 2411 398 2478 his
431 2412 544 2479 diebus
578 2433 660 2478 nunc
691 2412 756 2478 iam
789 2410 843 2493 qui
875 2408 1037 2476 hominum
1071 2426 1168 2473 causa
1195 2427 1268 2473 con·
1292 2403 1313 2482 ξ
1335 2406 1376 2467 27

123 2512 242 2598 stituti‚
275 2512 451 2580 videamus.
494 2514 594 2580 Primi
626 2514 695 2580 dies
725 2512 880 2578 mensium
908 2509 1062 2577 nominati
1090 2509 1267 2594 Kalendae,
1277 2487 1356 2538 (²²⁰⁸
1365 2489 1395 2539 ΒΡ
1397 2487 1422 2538 '¹'

125 2615 212 2701 quod
238 2615 290 2683 his
318 2615 433 2682 diebus
463 2617 606 2683 celantur
635 2616 702 2682 eius
730 2613 850 2681 mensis
872 2613 986 2680 Nonae
1013 2634 1034 2679 a
1059 2611 1269 2696 pontificibus,

209 2819 405 2889 tinterpanoei
425 2824 495 2889 post
510 2819 558 2873 ibi.
585 2849 619 2859 —
645 2817 801 2886 servilibus]
825 2817 931 2873 arvales
954 2815 1119 2883 Scaliger.
1148 2845 1181 2854 -
1207 2815 1270 2870 cin

123 2906 216 2978 priore
233 2905 313 2970 libro]
331 2921 358 2975 p.
378 2908 419 2969 64,
439 2908 479 2958 18.
499 2934 531 2943 —
555 2908 570 2956 5
588 2903 641 2967 his]
658 2904 693 2958 iis
710 2903 781 2971 LSp.
808 2934 842 2943 -
868 2907 884 2956 6
901 2900 1048 2972 paganalia
1064 2901 1172 2955 Aldus
1189 2900 1270 2964 (idem

124 3008 195 3063 quae
209 3008 265 3062 pro
284 2990 349 3060 qui),
373 2988 519 3060 paganalia
535 2988 569 3044 iis
588 2988 726 3058 Madvig
742 2988 856 3044 Advers.
874 2988 910 3057 Π,
931 2991 988 3053 169,
1005 2986 1155 3055 Paganalia
1173 2987 1208 3041 ab
1226 2986 1269 3041 his

123 3076 214 3133 Rein
231 3075 343 3132 observ.
362 3075 422 3131 crit.
440 3094 468 3146 p.
490 3081 512 3129 1.
544 3070 622 3144 ‘sort
645 3073 792 3144 paganalia
809 3074 934 3146 omnibus
952 3075 994 3128 vel
1010 3065 1180 3127 hominibus'
1197 3072 1269 3140 LSp.

123 3162 266 3231 intelleqo:
285 3166 317 3217 ut
330 3161 514 3230 Paganalibus
533 3163 597 3215 sunt
614 3159 700 3214 feriae
718 3175 810 3214 eorum
828 3159 883 3228 qui.
901 3159 976 3227 conf.
995 3159 1102 3212 Becker
1118 3157 1139 3223 1,
1160 3159 1217 3210 122.
1236 3187 1269 3195 -

125 3251 139 3300 ι
158 3246 294 3315 aliquoius
313 3247 346 3303 G.
364 3276 398 3287 -
416 3246 536 3310 statutis]
556 3245 634 3300 statis
653 3245 851 3315 Scioppius.
869 3275 903 3284 —
926 3259 999 3298 nunc
1017 3245 1078 3307 (om.
1098 3242 1131 3297 de
1149 3241 1269 3302 statutis)

124 3332 230 3386 Aldus
248 3349 286 3386 em
303 3331 337 3401 B,
353 3347 405 3386 nec
423 3331 457 3385 dc
475 3331 586 3386 statutis
603 3330 704 3398 libri,
721 3347 772 3385 nec
790 3331 835 3384 dic
852 3329 964 3384 statutis
982 3328 1168 3384 Mommsen
1187 3325 1267 3393 Corp.

123 3416 193 3471 insc.
211 3418 258 3472 lat.
277 3417 291 3470 I
307 3434 336 3486 p.
360 3420 422 3472 382.
453 3409 535 3485 ‘fort
557 3432 609 3471 nec
633 3415 744 3471 statutis
766 3408 853 3469 nunc'
876 3415 946 3485 LSp.
974 3445 1008 3454 —
1035 3417 1050 3466 8
1069 3409 1268 3480 compitalibus]

123 3501 268 3569 Miller,
294 3505 326 3556 ut
347 3501 414 3556 alibi
437 3500 532 3555 libri.
564 3496 644 3572 ‘sort
662 3501 761 3570 quibus
785 3504 817 3554 ιιι
840 3499 907 3553 alibi
923 3498 967 3554 ael
982 3500 1045 3554 ideo
1063 3497 1136 3567 quod
1154 3498 1186 3549 ut
1202 3494 1269 3548 alibi

125 3580 185 3641 ubi’
207 3587 280 3657 LSp.
307 3617 340 3627 -—
367 3591 383 3641 9
408 3586 565 3642 sacrificant
588 3585 817 3654 Augustinus.
845 3616 879 3625 —
907 3589 938 3639 10
957 3584 1111 3654 quotannis]
1137 3584 1269 3651 quotquot

124 3672 204 3728 annis
225 3674 296 3741 LSp.
323 3705 358 3713 —
387 3678 415 3728 11
436 3673 613 3741 conseptiuus
636 3671 732 3737 libri,
758 3687 830 3726 corr.
857 3671 990 3726 Laetus
1016 3671 1066 3741 qui
1091 3667 1268 3736 conseptiuus

124 3759 243 3830 scripsit.
261 3791 295 3798 ψ
315 3763 346 3813 12
365 3774 475 3813 carmen
499 3757 598 3824 libri,
624 3773 695 3811 corr.
712 3756 830 3811 Aldus.
854 3789 888 3798 -
912 3760 942 3812 13
961 3756 1128 3811 sementinae
1145 3753 1165 3817 f,
1183 3750 1268 3805 Ver·

124 3844 275 3914 tranius,
301 3843 468 3899 sementinae
491 3843 611 3898 ceteri.
637 3873 671 3882 —-
694 3849 760 3914 post
776 3842 863 3898 feriae
879 3841 1057 3912 intorpescat,
1083 3838 1160 3906 conf.
1182 3851 1269 3907 supra

124 3945 151 3997 p.
166 3934 207 3998 ll,
221 3932 266 3983 21:
286 3930 478 3998 quinquatrus3
497 3928 543 3982 hic
560 3928 627 3983 dies.
645 3958 679 3968 -
698 3932 730 3982 14
748 3931 877 3999 suscepta
894 3926 992 3995 libri,
1010 3942 1081 3980 corr.
1098 3923 1216 3977 Aldus.
1234 3952 1269 3961 —

126 4018 158 4068 16
175 4015 240 4084 pagi
256 4014 396 4069 Miller.
423 4014 538 4069 haberet
556 4055 563 4067 .
583 4055 589 4067 .
609 4012 695 4069 omnis
722 4029 809 4084 pagus
835 4013 949 4068 Aldus.
976 4043 1010 4051 -
1037 4013 1101 4065 aunt
1126 4007 1268 4090 quod-oo-

124 4097 183 4152 cab.
201 4114 262 4151 cam
280 4099 371 4155 dictae
389 4098 620 4170 conianqebatur,
645 4097 684 4152 ad
704 4100 846 4169 sequentia
864 4098 953 4153 retuli.
976 4127 1010 4136 —
1037 4101 1067 4150 ιι
1087 4095 1229 4165 conceptis
1239 4112 1267 4164 p.

124 4215 158 4224 -—
176 4188 208 4239 18
222 4191 292 4250 cum]
302 4175 384 4255 quom
392 4185 428 4252 H,
446 4186 568 4253 coan.
581 4213 615 4223 -·
626 4183 764 4255 perspicio
781 4183 881 4252 libri,
899 4199 970 4238 corr.
981 4180 1067 4250 vulg.
1084 4214 1120 4222 -
1137 4185 1169 4236 22
1185 4180 1267 4251 quod]

124 4271 160 4324 ab
178 4287 211 4326 eo
229 4273 302 4341 quod
319 4271 358 4340 M,
374 4272 580 4337 Lactusltac.
595 4268 676 4335 Vct.)
701 4301 735 4311 —
760 4286 866 4325 menses
878 4268 977 4335 libri,
995 4268 1161 4338 coravulg.
1179 4284 1217 4323 cx
1235 4265 1267 4321 B.

175 4367 310 4419 Spengel,
323 4369 390 4410 Varro
403 4368 430 4408 tle
443 4367 520 4420 lingua
532 4365 610 4408 latina.
1049 4357 1065 4406 6
