3038 5048
443 326 558 384 LIBER
575 327 743 398 QUINTUS.
779 331 959 398 areo-149.
1244 332 1284 392 59

139 498 273 565 llacela.
314 496 494 565 Secundum
517 499 660 567 Tiberim
682 499 724 566 ad
745 500 871 567 Iunium
892 502 1011 571 Forum
1031 502 1206 570 Piscarium
1228 524 1284 571 vo·

138 605 226 684 cant;
248 599 322 667 ideo
344 600 389 666 ait
408 601 541 669 Plautus
563 602 662 686 apud
682 602 913 688 piscarium.
949 601 1015 671 Ubi
1036 603 1145 671 variae
1166 625 1219 671 res
1242 603 1285 671 ad
1296 618 1437 673 (1148111)

139 707 269 770 cometa
283 702 401 770 Forum
416 702 611 788 (luppedinis
633 702 840 789 aCuppedio,
864 705 950 788 quod
971 705 1062 772 multi
1084 705 1201 772 Forum
1224 705 1284 773 Ou-

138 803 257 891 pidinis
284 824 304 870 a
330 804 513 889 eupiditate.
576 807 666 873 Haec
692 806 799 874 omnia
825 813 1035 892 posteaquam
1061 812 1223 875 contracta
1250 809 1282 876 in
1304 811 1324 890 ξ
1349 813 1406 874 147

100 916 236 974 sunum
257 908 362 974 locum
384 926 466 989 quae
488 907 532 973 ad
561 909 679 976 victum
701 909 903 994 pertinebant
925 919 958 977 et
978 907 1164 977 aedificatus
1185 912 1285 994 locus,

137 1009 334 1095 appellatum
349 1010 530 1094 Macellum,
552 1017 587 1076 ut
602 1012 737 1095 quidam
747 1010 898 1093 scribunt,
919 1010 1004 1094 quod
1019 1009 1065 1076 ibi
1078 1011 1173 1078 fuerit
1187 1018 1284 1095 ortus,

137 1111 194 1178 alii
217 1111 370 1195 quodibi
392 1112 505 1180 domus
526 1112 635 1197 fuerit,
657 1112 708 1181 cui
731 1130 905 1194 cognomen
928 1111 987 1177 fuit
1007 1112 1178 1197 Macellus,
1202 1132 1285 1196 quae

137 1213 184 1280 ibi
204 1213 333 1299 publice
354 1213 396 1282 sit
418 1214 532 1299 diruta,
555 1236 573 1281 e
597 1234 661 1298 qua
682 1213 885 1283 aedificatum
906 1215 968 1280 hoc
990 1215 1076 1300 quod
1090 1222 1222 1282 uocetur
1241 1217 1283 1282 ab

139 1336 177 1383 eo
200 1318 379 1383 macellum.
438 1317 474 1382 In
497 1317 566 1385 foro
588 1318 709 1383 Lacum
732 1316 874 1383 Curtium
897 1335 917 1380 a
939 1315 1047 1382 Curtio
1070 1315 1188 1384 dictum
1211 1337 1284 1385 con·
1305 1319 1326 1397 ξ
1350 1321 1409 1383 148

87 1423 116 1475 1⁰
137 1423 211 1501 stat,
234 1425 266 1485 et
281 1419 322 1485 de
338 1439 376 1485 eo
391 1417 507 1504 triceps
528 1418 677 1503 historia;
700 1438 775 1486 nam
797 1424 829 1485 et
843 1418 997 1485 Procilius
1019 1440 1083 1487 non
1104 1419 1191 1486 idem
1212 1439 1284 1503 pro·

138 1521 220 1587 didit
241 1522 328 1602 quod
342 1521 427 1604 Piso,
450 1540 509 1586 nec
532 1521 618 1604 quod
639 1521 676 1604 is,
700 1520 864 1588 Cornelius
880 1519 960 1587 Stilo
983 1527 1118 1587 secutus.
1154 1521 1184 1585 A
1206 1521 1282 1587 Pro·

138 1622 211 1690 cilio
240 1624 377 1690 relatum
404 1623 437 1688 in
464 1641 502 1689 eo
530 1624 601 1689 loco
629 1621 758 1690 dehisce
783 1629 901 1688 terram
929 1627 960 1687 et
987 1621 1023 1687 id
1051 1642 1091 1688 ex
1119 1619 1150 1688 S.
1175 1620 1208 1688 U.
1239 1620 1282 1688 ad
1291 1636 1365 1688 (nus
1375 1634 1435 1690 114)

136 1723 299 1807 aruspices
327 1726 464 1790 relatum
491 1744 576 1807 esse;
608 1743 794 1809 responsum
823 1723 917 1790 deum
945 1721 1052 1790 Manio
1080 1723 1283 1809 postilionem

137 1825 310 1910 postulare,
332 1824 366 1892 id
382 1830 430 1892 est
445 1825 549 1892 civem
566 1824 774 1891 fortissimum
795 1845 833 1892 eo
856 1824 990 1891 demitti.
1034 1831 1100 1892 tum
1123 1822 1284 1907 quendam

85 1932 116 1984 15
137 1926 279 1993 Curtium
294 1927 396 1992 virum
411 1930 525 1994 fortem
540 1932 697 1993 armatum
712 1926 896 1992 ascendisse
918 1926 951 1991 in
974 1945 1088 2008 equum
1112 1932 1145 1993 et
1166 1946 1187 1990 a
1202 1925 1282 1994 Uon-

136 2029 246 2094 cordia
268 2048 394 2095 versum
417 2049 489 2095 cum
510 2047 592 2111 equo
615 2047 688 2095 eum
715 2027 974 2113 praecipitatum
1004 2049 1041 2094 eo
1068 2029 1152 2094 facto
1179 2029 1284 2096 locum

137 2129 239 2197 coisse
254 2136 350 2215 atque
373 2130 441 2196 eius
463 2150 577 2213 corpus
600 2128 752 2195 divinitus
773 2128 924 2195 humasse
945 2149 984 2194 ac
1006 2128 1172 2211 reliquisse
1194 2128 1283 2211 genti

135 2251 212 2300 suae
240 2240 485 2299 monumentum.
551 2231 625 2298 Piso
655 2231 688 2298 in
715 2230 884 2297 annalibus
912 2230 1023 2296 scribit
1049 2229 1163 2297 sabino
1186 2231 1282 2315 bello,
1304 2233 1324 2310 ἕ
1350 2235 1409 2296 149

136 2333 223 2416 quod
250 2333 309 2400 lirit
330 2334 466 2400 Romulo
489 2339 521 2399 et
543 2334 651 2416 Tatio,
678 2332 781 2400 virum
808 2332 1014 2399 fortissimum
1036 2331 1180 2398 Mettium
1203 2331 1278 2398 Cur·
1289 2345 1434 2401 (1151111)

82 2441 112 2493 2]
133 2437 213 2502 tium
228 2434 391 2520 Sabinum,
415 2457 486 2503 cum
506 2436 659 2501 Romulus
682 2455 753 2501 cum
775 2435 840 2500 suis
863 2454 904 2501 ex
924 2434 1086 2518 superiore
1108 2440 1200 2518 parte
1220 2433 1279 2500 im·

134 2537 330 2621 pressionem
355 2537 499 2621 fecisset,
529 2532 693 2622 [Curtium]
722 2536 887 2602 inlocum
915 2535 1103 2619 palustrem,
1131 2534 1280 2617 quitum

133 2638 194 2706 fuit
221 2638 255 2704 in
282 2640 351 2707 foro
378 2646 549 2722 antequam
576 2640 705 2706 cloacae
733 2644 806 2703 sunt
833 2637 954 2720 factae,
983 2637 1153 2704 secessisse
1182 2643 1280 2719 atque

136 2737 199 2827 [ad]
221 2761 296 2808 suos
317 2740 349 2807 in
373 2741 565 2824 Capitolium
586 2740 761 2824 recepisse3
788 2739 830 2805 ab
854 2760 890 2805 eo
913 2738 1019 2805 lacum
1041 2739 1203 2807 invenisse
1224 2760 1278 2806 no-

133 2903 271 2912 ,-

219 3019 231 3068 1
250 3013 367 3084 tyberim
383 3012 402 3066 1.
421 3043 454 3051 -
481 3012 518 3066 ad
534 3009 652 3076 Iunium]
672 3009 708 3064 ad
725 3010 821 3064 Ianum
838 3009 916 3081 apud
934 3008 1095 3075 Turnebam,
1118 3010 1155 3065 ad
1172 3009 1280 3066 lanium

134 3095 302 3167 Scaliger,
320 3097 356 3153 ad
372 3113 477 3152 merum
492 3097 631 3150 Bunsen
643 3095 731 3149 deser.
744 3093 822 3149 Rom.
835 3095 857 3164 I,
870 3099 930 3162 629,
947 3094 1108 3150 adiunctum
1125 3094 1278 3164 Urlichs,

134 3181 171 3236 ad
186 3181 347 3238 Portunium
363 3181 494 3237 Jordan
511 3181 546 3248 11,
566 3184 624 3234 251.
644 3209 677 3218 —
695 3184 710 3233 2
727 3179 818 3235 Plaut.
838 3180 918 3236 (lure.
936 3179 985 3247 IV,
1004 3183 1076 3248 1,13
1097 3181 1172 3248 apud
1189 3179 1280 3234 forum

133 3264 289 3337 piscarium.
314 3296 347 3306 -
374 3270 389 3320 3
408 3266 553 3335 cuppedia]
570 3265 670 3336 scripsi
686 3280 747 3320 cum
764 3264 850 3333 vulg.
870 3267 951 3334 (quae
969 3263 1105 3334 cupedia),
1124 3263 1276 3333 cuppedine

133 3349 264 3405 Jordan
280 3350 372 3406 Herm.
390 3349 425 3418 ΙΙ,
438 3354 480 3419 89,
498 3351 620 3420 cupedec
638 3350 779 3418 Laetus,
797 3348 907 3404 fastidio
925 3348 1019 3403 libri.
1038 3378 1072 3389 -
1090 3349 1172 3417 quod]
1192 3347 1279 3401 Lae·

132 3436 205 3502 tus,
223 3450 302 3503 quem
318 3435 413 3490 libri.
440 3437 520 3504 Aug.
533 3435 697 3504 Mulierp.
708 3438 750 3488 38.
768 3464 802 3472 —
821 3433 981 3504 cuppedinis
998 3432 1092 3487 libri.
1111 3462 1143 3470 -
1162 3435 1176 3484 1
1194 3430 1279 3487 luerit

133 3517 230 3574 domus
248 3518 316 3572 GH.
334 3549 368 3558 -—
386 3520 439 3584 cui]
457 3519 521 3588 quoi
538 3519 604 3589 Ha,
627 3519 714 3574 Manli
732 3518 777 3574 eui
794 3518 936 3574 Urlichs
957 3522 1063 3588 topogr.
1081 3531 1148 3571 rom.
1169 3532 1197 3585 p.
1219 3519 1278 3570 141.

133 3632 168 3642 -
187 3606 219 3657 10
236 3605 264 3658 et
281 3604 324 3669 de]
342 3607 371 3659 et
387 3620 438 3658 om.
452 3605 593 3672 Laetus,
611 3599 689 3674 ‘fort
703 3600 759 3659 set’
779 3603 851 3674 LSp.
870 3634 903 3643 -
924 3608 952 3657 11
974 3601 1123 3664 Cornelius]
1143 3599 1172 3655 0.
1181 3599 1277 3654 Aelius

133 3687 221 3756 vulg.
241 3704 278 3743 ex
289 3689 321 3742 B.
340 3718 374 3727 -
402 3690 432 3743 13
450 3688 570 3743 manium
588 3687 729 3743 Laetus.
747 3718 781 3726 —
809 3692 842 3742 14
857 3686 887 3741 id
905 3691 955 3752 eet]
973 3686 1003 3741 id
1020 3702 1072 3755 quo
1089 3685 1119 3739 P.
1137 3684 1171 3739 R.
1190 3684 1278 3754 pluri·

132 3787 206 3826 mum
222 3776 324 3842 posset,
341 3773 371 3827 id
389 3776 431 3828 est
446 3773 566 3842 Bergk.
585 3801 620 3812 -
637 3774 732 3828 eodem
748 3772 819 3828 mitti
835 3772 935 3840 libri,
953 3787 1026 3826 corr.
1037 3769 1225 3824 Turnebus.
1244 3799 1278 3810 -

136 3861 166 3909 15
185 3858 348 3922 concordia]
376 3857 545 3914 Concordiae
567 3857 652 3925 vulg.
675 3872 713 3911 ex
730 3857 769 3925 B,
796 3858 832 3912 ad
857 3856 1026 3912 Concordiae
1051 3854 1216 3922 Scaliger.
1245 3883 1278 3894 —

136 3944 167 3994 16
185 3949 254 4008 eum]
274 3959 306 3998 eo
325 3943 359 4011 Η,
376 3944 406 3997 in
424 3959 486 3998 eum
502 3943 622 3997 Aldus.
640 3972 675 3982 -
693 3946 724 3995 18
742 3941 815 4007 Piso]
834 3941 866 3995 L.
878 3942 1040 4011 Calpurnius
1059 3939 1123 3994 Piso
1140 3940 1227 4008 vulg.
1240 3955 1278 3994 ecc

134 4025 166 4079 B.
185 4055 218 4066 —
246 4030 278 4081 20
296 4044 376 4098 quom
394 4029 427 4084 G.
454 4059 488 4069 -
514 4027 655 4096 experiere
671 4043 705 4096 p,
733 4032 760 4080 et
776 4042 864 4097 supra
880 4043 933 4080 scr.
959 4041 992 4081 su
1015 4025 1034 4078 f.
1061 4054 1095 4064 -
1122 4029 1153 4079 21
1173 4025 1278 4081 curtius

134 4109 254 4181 UHal,
271 4113 411 4170 Laetus.
437 4108 620 4168 ‘antelatam
636 4110 666 4164 in
679 4107 816 4165 Curtium'
831 4110 901 4180 LSp.
915 4140 947 4149 -
966 4110 1065 4175 locum]
1076 4109 1168 4164 lacurn
1178 4110 1276 4179 libri,

133 4208 205 4248 corr.
218 4195 352 4253 Laetus.
372 4228 405 4238 -
424 4201 455 4252 23
474 4199 519 4264 ad]
538 4196 630 4252 delevi.
649 4195 686 4250 ad
702 4211 766 4250 suos
785 4210 815 4251 se
833 4193 974 4262 Muller,
986 4210 1043 4266 pro
1062 4209 1117 4264 quo
1136 4194 1228 4250 maloin
1246 4211 1276 4250 se

133 4279 277 4349 recepisse.
304 4278 350 4338 ‘aa
368 4283 513 4341 recessisse
526 4298 583 4358 pro
600 4275 771 4351 recepissel'
791 4279 861 4349 LSp.
879 4278 1020 4334 -locum
1038 4278 1167 4336 Christ.
