3038 5048
244 347 353 387 mxlv
749 328 884 382 Praelatio.

332 508 373 563 sic
403 508 495 562 decem
523 506 562 561 od
590 513 705 561 centum.
751 505 887 562 Similiter
914 505 944 560 in
976 506 1126 561 uerborum
1161 506 1400 563 declinationibus

333 599 373 647 est
397 592 515 655 bivium,
550 591 623 662 quod
646 598 672 646 et
694 591 730 646 ab
754 599 829 645 recto
852 606 920 645 casu
942 591 972 644 ln
994 597 1086 655 recto,
1119 591 1162 646 ita
1190 598 1220 646 ut
1247 591 1400 663 formulam

331 678 461 733 similiter
483 675 623 750 efficiant,
655 676 729 748 quod
750 677 786 731 sit
811 675 902 748 primo
924 691 1007 730 uersu
1028 674 1074 730 iu'c
1095 673 1197 740 Albus,
1229 674 1296 732 buia
1317 675 1398 743 Albo,

332 762 415 818 buius
438 758 510 825 rllbi,
533 761 654 816 secundo
676 759 746 816 baec
768 760 849 825 etta,
872 759 937 815 buic
961 759 1056 824 Albae,
1079 759 1163 816 buius
1186 757 1293 827 Albae,
1316 764 1398 818 tertio

332 847 384 903 boc
406 844 518 910 Album,
548 845 613 900 buic
642 845 726 910 Albo,
757 845 840 900 buius
863 842 936 901 Albi.
980 845 1079 916 ltaque
1104 846 1174 918 fiunt
1191 862 1247 918 per
1269 848 1399 919 obliquos

334 931 536 988 declinationes
559 946 595 985 ea
616 929 660 985 bis
683 931 836 1002 analogiae
857 929 909 985 boc
930 945 1033 1001 penus:
1060 927 1158 986 ltttus
1180 929 1292 997 Atrius,
1315 931 1398 988 ltoto

334 1017 428 1082 Atrio,
457 1033 513 1088 per
540 1016 662 1070 directos
692 1016 894 1071 declinationes
922 1013 1019 1071 Albius
1049 1015 1161 1086 Atrius,
1194 1016 1278 1073 Albia
1307 1015 1398 1082 Atria,

335 1118 406 1176 quae
429 1103 535 1156 scilicet
557 1101 611 1154 erit
631 1101 776 1172 particula
800 1115 835 1154 ea
858 1100 911 1156 illa
925 1100 1073 1156 cicenoria
1090 1091 1178 1181 [atrio
1194 1116 1266 1172 puae
1280 1094 1399 1183 scilicet]

334 1186 498 1242 centenaria
519 1184 645 1257 formula
668 1185 875 1257 analogiarum,
899 1185 932 1239 de
955 1201 1011 1257 qua
1032 1201 1123 1257 supro
1145 1186 1215 1242 dial.

249 1273 338 1328 omnia
360 1269 533 1326 describenda
557 1277 646 1333 erant,
677 1278 707 1325 ut
737 1278 810 1326 recte
835 1269 945 1326 iudicari
967 1278 1068 1343 posset.
1111 1270 1245 1327 Lacunam
1268 1286 1336 1343 quae
1359 1280 1400 1328 est

249 1359 276 1413 in
298 1355 386 1413 verbis
409 1355 444 1411 ab
467 1362 543 1410 recto
567 1369 635 1410 casu
656 1355 687 1409 in
709 1362 783 1410 recto
815 1354 914 1427 optime
941 1362 969 1410 et
996 1355 1060 1411 vidit
1081 1362 1109 1411 et
1140 1354 1254 1429 explevit
1283 1356 1396 1411 bliiller:

249 1443 285 1498 ab
309 1449 383 1496 recto
410 1456 478 1496 casu
507 1439 675 1513 [declinatur
696 1440 727 1495 in
749 1440 888 1511 obliquam
910 1446 936 1494 et
959 1440 994 1495 ob
1017 1446 1092 1494 recto
1115 1438 1194 1512 cusu]
1223 1441 1253 1496 iu
1282 1449 1398 1496 rectum.

249 1525 367 1583 Alteram
382 1542 446 1581 vero
469 1524 591 1580 lacunam
614 1541 693 1597 qnam
715 1523 788 1597 vulg.
811 1532 903 1597 postea
926 1524 1065 1580 indicavit:
1088 1523 1141 1580 boc
1162 1540 1259 1597 genus.
1292 1524 1400 1581 Desunt

248 1613 396 1684 quaedam.
427 1608 524 1666 Albius
552 1608 653 1665 nullam
681 1625 739 1665 esse
766 1607 828 1664 alibi
850 1609 1096 1665 demonstravimus.
1140 1609 1169 1665 lu
1198 1610 1229 1665 iis
1257 1627 1326 1683 quae
1352 1627 1400 1666 se-

247 1706 369 1771 quuntur
391 1695 557 1769 Augustinus
585 1694 612 1749 in
641 1693 713 1767 vulg.
736 1694 842 1768 scripsit
870 1710 905 1750 ea
932 1695 985 1750 illo
1013 1695 1204 1760 ducennaria,
1240 1696 1297 1750 tria
1325 1712 1400 1767 quoe

247 1782 355 1837 scilicet
377 1781 556 1844 centenaria,
587 1778 682 1835 liliiller
697 1779 901 1836 concinnitatem
924 1788 1033 1853 captans
1055 1779 1224 1853 transpositis
1245 1780 1396 1836 vocabulis:

249 1863 347 1923 Albius
363 1863 468 1929 Atrius,
492 1861 573 1920 rllbio
589 1861 677 1929 Atrio,
701 1880 773 1936 quoe
788 1865 894 1921 scilicet
911 1866 964 1921 crit
983 1865 1127 1938 particula
1150 1880 1185 1920 ca
1206 1865 1260 1921 illo
1282 1865 1398 1922 binario

244 1967 300 2023 per
322 1952 448 2007 derectas
471 1950 673 2005 declinationes
696 1950 792 2006 Albius
815 1950 925 2015 Atrius,
957 1947 1040 2006 Attia
1069 1947 1166 2015 Atrio,
1198 1964 1269 2021 quoe
1291 1951 1400 2007 scilicet

248 2037 413 2093 centenario
433 2035 572 2106 formula,
599 2034 644 2091 ubi
667 2051 716 2090 nec
739 2051 782 2091 res
805 2035 930 2090 convenit
952 2044 978 2091 11
999 2035 1143 2109 repetitum
1163 2036 1271 2091 scilicet
1292 2052 1307 2091 1
1330 2035 1399 2091 Var-

246 2120 321 2177 ronis
344 2138 418 2178 more
440 2120 582 2185 abhorret;
617 2119 724 2176 schema
745 2137 809 2176 vero
833 2120 884 2175 hoc
906 2129 946 2176 est

711 2287 812 2362 obliqui
834 2306 925 2346 versus

680 2485 1020 2565 111

751 2623 1063 2634 -----.

538 2655 565 2742 ,ἶ
656 2681 691 2735 11
818 2636 1018 2799 11141

547 2793 1061 2827 c---·--·-···

538 2831 565 2910 ἔ
635 2851 692 2905 roo
796 2849 856 2904 roo
904 2802 909 3007 p
958 2851 1017 2905 411

247 3115 298 3156 nos
320 3096 400 3155 rerba
421 3098 489 3154 male
512 3101 623 3172 repetita
644 3099 814 3164 inclusimus,
839 3108 866 3155 et
887 3099 1058 3156 scribendum
1080 3108 1121 3156 est
1143 3114 1178 3154 ea
1198 3097 1251 3154 itta
1273 3099 1397 3155 denaria

248 3193 274 3241 et
303 3183 467 3240 centenaria
498 3184 631 3256 formula.
683 3185 721 3240 sic
752 3185 860 3241 alteram
888 3186 1018 3258 integram
1048 3183 1188 3241 lormulam
1216 3181 1312 3248 111111,
1347 3185 1395 3240 sed

248 3286 376 3345 quaerere
398 3267 474 3332 licet,
509 3285 542 3324 an
565 3286 620 3325 non
643 3271 807 3326 centenaria
829 3269 895 3324 mala
917 3270 952 3325 sit
973 3270 1156 3326 emendatione
1177 3266 1296 3338 illatum3
1331 3284 1393 3323 nam

246 3364 277 3412 ut
299 3369 380 3428 supra
402 3353 465 3409 dixit
478 3369 551 3408 uuus
567 3355 671 3426 duplea
687 3396 694 3411 .
711 3398 717 3410 .
735 3356 809 3411 alter
823 3355 994 3427 decemplen,
1023 3356 1062 3411 sic
1083 3355 1126 3410 hic
1146 3351 1211 3408 nihil
1231 3352 1393 3426 requirimus

247 3441 311 3496 nisi:
350 3454 422 3510 quae
450 3438 557 3493 scilicet
585 3440 639 3495 erit
663 3441 810 3512 porticula
832 3456 867 3494 ea
890 3440 1011 3495 denario
1035 3440 1159 3511 formula
1181 3438 1393 3510 analogiarum,

247 3527 280 3581 de
304 3540 360 3597 quo
381 3539 471 3595 supra
493 3523 562 3579 dici.

332 3608 399 3664 Huic
421 3624 544 3664 errorum
566 3608 672 3681 generi,
704 3625 757 3681 quo
779 3608 879 3664 librarii
901 3607 980 3664 verba
1002 3607 1071 3663 male
1093 3607 1264 3680 repetebant,
1295 3606 1392 3680 quihus

248 3694 341 3751 deletis
363 3693 414 3749 iam
441 3693 545 3765 integer
567 3691 598 3747 lit
624 3691 715 3755 locus,
749 3693 914 3750 contrarium
943 3702 983 3749 est
1008 3692 1078 3748 aliud
1107 3709 1206 3766 genum
1242 3691 1393 3766 saepissime

247 3780 316 3834 enim
344 3786 457 3852 propter
486 3776 569 3832 simile
596 3776 692 3832 cadens
720 3777 763 3833 vel
791 3777 913 3834 desinens
940 3777 1011 3833 oculi
1032 3775 1185 3833 aberrantes
1207 3777 1292 3833 11111111
1311 3774 1393 3832 verba

248 3863 421 3928 omittebant,
456 3878 505 3918 nec
526 3860 583 3917 lere
602 3860 696 3917 lolium
718 3870 771 3926 est,
807 3863 880 3935 quod
909 3879 964 3918 uon
994 3861 1110 3935 exempla
1133 3861 1275 3936 praebeat,
1309 3869 1341 3917 ut
1362 3877 1395 3916 ex

247 3947 366 4004 Varrone
394 3947 501 4020 longam
528 3946 606 4002 liceat
633 3954 750 4018 segetem
773 3946 907 4019 colligere.
953 3946 1038 4020 Saepe
1065 3963 1159 4002 sensus
1187 3946 1245 4020 ipse
1272 3945 1395 4002 lacunam

247 4030 361 4095 indicat,
406 4040 433 4088 et
453 4032 525 4087 haud
546 4047 608 4086 raro
631 4031 682 4086 iam
703 4030 868 4104 Pomponius
889 4031 985 4088 Laetus
1009 4049 1040 4088 111
1061 4031 1169 4103 ingenio
1193 4047 1261 4103 quae
1284 4031 1395 4087 deerant

246 4114 360 4176 addidit,
391 4116 438 4172 sed
460 4133 515 4171 non
537 4117 572 4172 ita
595 4123 625 4171 ut
647 4131 740 4180 causa,
769 4115 797 4171 11.
821 4133 845 4171 1.
867 4115 933 4171 illud
956 4111 1218 4189 ὃμοιοτὲλευτον,
1242 4124 1392 4188 appareret,

246 4199 319 4272 quod
347 4198 441 4256 bliillor
470 4200 563 4257 melius
592 4199 726 4273 retingens
755 4201 878 4256 correxit.
924 4200 987 4265 Vlll,
1013 4199 1051 4258 58
1074 4198 1106 4255 de
1128 4197 1273 4269 participiis
1297 4208 1393 4255 contra

245 4283 393 4357 analogiam
415 4283 480 4341 haec
502 4285 641 4341 dicuntur:
