<?xml version="1.0" encoding="UTF-8"?>
<!DOCTYPE html PUBLIC "-//W3C//DTD XHTML 1.0 Transitional//EN"
    "http://www.w3.org/TR/xhtml1/DTD/xhtml1-transitional.dtd">
<html xmlns="http://www.w3.org/1999/xhtml" xml:lang="en" lang="en">
 <head>
  <title>
</title>
<meta http-equiv="Content-Type" content="text/html;charset=utf-8" />
  <meta name='ocr-system' content='tesseract 3.04.00' />
  <meta name='ocr-capabilities' content='ocr_page ocr_carea ocr_par ocr_line ocrx_word'/>
</head>
<body>
  <div class='ocr_page' id='page_1' title='image "./mterentivarroni00varrgoog_0210.png"; bbox 0 0 3038 5048; ppageno 0'>
   <div class='ocr_carea' id='block_1_1' title="bbox 447 315 1254 382">
    <p class='ocr_par' dir='ltr' id='par_1_1' title="bbox 447 315 1254 382">
     <span class='ocr_line' id='line_1_1' title="bbox 447 315 1254 382; baseline 0.01 -13"><span class='ocrx_word' id='word_1_1' title='bbox 447 315 561 371; x_wconf 85' lang='lat' dir='ltr'><strong>LIBER</strong></span> <span class='ocrx_word' id='word_1_2' title='bbox 579 315 728 372; x_wconf 85' lang='lat' dir='ltr'>SEXTUS.</span> <span class='ocrx_word' id='word_1_3' title='bbox 765 319 780 382; x_wconf 63' lang='grc' dir='ltr'><strong>ξ</strong></span> <span class='ocrx_word' id='word_1_4' title='bbox 799 320 909 372; x_wconf 81' lang='lat'>91-93.</span> <span class='ocrx_word' id='word_1_5' title='bbox 1195 318 1254 377; x_wconf 84' lang='lat'>109</span> 
     </span>
    </p>
   </div>
   <div class='ocr_carea' id='block_1_2' title="bbox 108 484 1257 712">
    <p class='ocr_par' dir='ltr' id='par_1_2' title="bbox 108 484 1257 712">
     <span class='ocr_line' id='line_1_2' title="bbox 108 484 1257 555; baseline 0.002 -15"><span class='ocrx_word' id='word_1_6' title='bbox 108 484 185 540; x_wconf 78' lang='lat' dir='ltr'>TRA</span> <span class='ocrx_word' id='word_1_7' title='bbox 212 484 399 540; x_wconf 79' lang='lat' dir='ltr'><strong>CONSULES</strong></span> <span class='ocrx_word' id='word_1_8' title='bbox 424 484 646 541; x_wconf 82' lang='lat' dir='ltr'><strong>PRAETORES</strong></span> <span class='ocrx_word' id='word_1_9' title='bbox 675 485 933 555; x_wconf 80' lang='lat' dir='ltr'><strong>TRIBUNOSQUE</strong></span> <span class='ocrx_word' id='word_1_10' title='bbox 963 487 1092 542; x_wconf 88' lang='lat' dir='ltr'><strong>PLEBIS</strong></span> <span class='ocrx_word' id='word_1_11' title='bbox 1123 487 1257 542; x_wconf 85' lang='lat' dir='ltr'><strong>COLLE-</strong></span> 
     </span>
     <span class='ocr_line' id='line_1_3' title="bbox 108 569 1256 638; baseline 0.001 -12"><span class='ocrx_word' id='word_1_12' title='bbox 108 569 254 638; x_wconf 76' lang='lat' dir='ltr'><strong>GASQUE</strong></span> <span class='ocrx_word' id='word_1_13' title='bbox 273 569 365 625; x_wconf 88' lang='lat' dir='ltr'><strong>TUOS</strong></span> <span class='ocrx_word' id='word_1_14' title='bbox 383 570 434 624; x_wconf 90' lang='lat' dir='ltr'><strong>ET</strong></span> <span class='ocrx_word' id='word_1_15' title='bbox 457 570 498 625; x_wconf 89' lang='lat' dir='ltr'>IN</span> <span class='ocrx_word' id='word_1_16' title='bbox 520 570 671 624; x_wconf 89' lang='lat' dir='ltr'><strong>TEMPLO</strong></span> <span class='ocrx_word' id='word_1_17' title='bbox 696 570 838 625; x_wconf 84' lang='lat' dir='ltr'><strong>ADESSE</strong></span> <span class='ocrx_word' id='word_1_18' title='bbox 862 571 997 626; x_wconf 85' lang='lat' dir='ltr'><strong>IUBEAS</strong></span> <span class='ocrx_word' id='word_1_19' title='bbox 1019 571 1186 627; x_wconf 89' lang='lat' dir='ltr'><strong>HOMINES</strong></span> <span class='ocrx_word' id='word_1_20' title='bbox 1208 573 1256 628; x_wconf 82' lang='lat' dir='ltr'>AG</span> 
     </span>
     <span class='ocr_line' id='line_1_4' title="bbox 108 654 779 712; baseline -0.004 0"><span class='ocrx_word' id='word_1_21' title='bbox 108 656 187 712; x_wconf 81' lang='lat' dir='ltr'>CUM</span> <span class='ocrx_word' id='word_1_22' title='bbox 204 654 345 709; x_wconf 84' lang='lat' dir='ltr'><strong>MITTAS</strong></span> <span class='ocrx_word' id='word_1_23' title='bbox 363 655 580 711; x_wconf 84' lang='lat' dir='ltr'><strong>CONTIONEM</strong></span> <span class='ocrx_word' id='word_1_24' title='bbox 601 655 779 711; x_wconf 83' lang='lat' dir='ltr'><strong>ADVOOES.</strong></span> 
     </span>
    </p>
   </div>
   <div class='ocr_carea' id='block_1_3' title="bbox 105 743 1359 830">
    <p class='ocr_par' dir='ltr' id='par_1_3' title="bbox 105 743 1359 830">
     <span class='ocr_line' id='line_1_5' title="bbox 105 743 1359 830; baseline 0.002 -20"><span class='ocrx_word' id='word_1_25' title='bbox 105 745 144 810; x_wconf 94' lang='lat' dir='ltr'>ln</span> <span class='ocrx_word' id='word_1_26' title='bbox 173 743 285 810; x_wconf 90' lang='lat' dir='ltr'>eodem</span> <span class='ocrx_word' id='word_1_27' title='bbox 316 744 544 811; x_wconf 87' lang='lat' dir='ltr'>commentario</span> <span class='ocrx_word' id='word_1_28' title='bbox 572 744 794 826; x_wconf 86' lang='lat' dir='ltr'>anquisitionIs</span> <span class='ocrx_word' id='word_1_29' title='bbox 822 743 865 810; x_wconf 99' lang='lat' dir='ltr'>ad</span> <span class='ocrx_word' id='word_1_30' title='bbox 894 747 1072 811; x_wconf 87' lang='lat' dir='ltr'>extremum</span> <span class='ocrx_word' id='word_1_31' title='bbox 1101 746 1254 830; x_wconf 85' lang='lat' dir='ltr'>scriptum</span> <span class='ocrx_word' id='word_1_32' title='bbox 1276 751 1296 830; x_wconf 63' lang='grc' dir='ltr'>ὅ</span> <span class='ocrx_word' id='word_1_33' title='bbox 1319 753 1359 814; x_wconf 81' lang='lat'>92</span> 
     </span>
    </p>
   </div>
   <div class='ocr_carea' id='block_1_4' title="bbox 52 845 1408 1429">
    <p class='ocr_par' dir='ltr' id='par_1_4' title="bbox 52 845 1408 1429">
     <span class='ocr_line' id='line_1_6' title="bbox 67 845 490 932; baseline 0.012 -25"><span class='ocrx_word' id='word_1_34' title='bbox 67 858 83 907; x_wconf 80' lang='lat' dir='ltr'>e</span> <span class='ocrx_word' id='word_1_35' title='bbox 106 852 203 932; x_wconf 91' lang='lat' dir='ltr'>caput</span> <span class='ocrx_word' id='word_1_36' title='bbox 225 846 321 913; x_wconf 87' lang='lat' dir='ltr'>edicti</span> <span class='ocrx_word' id='word_1_37' title='bbox 344 845 404 913; x_wconf 91' lang='lat' dir='ltr'>hoc</span> <span class='ocrx_word' id='word_1_38' title='bbox 427 854 490 912; x_wconf 88' lang='lat' dir='ltr'>est:</span> 
     </span>
     <span class='ocr_line' id='line_1_7' title="bbox 104 945 1408 1016; baseline 0.003 -15"><span class='ocrx_word' id='word_1_39' title='bbox 104 945 202 1001; x_wconf 86' lang='lat' dir='ltr'><strong>ITEM</strong></span> <span class='ocrx_word' id='word_1_40' title='bbox 229 946 327 1013; x_wconf 78' lang='lat' dir='ltr'><strong>QUOD</strong></span> <span class='ocrx_word' id='word_1_41' title='bbox 358 946 549 1002; x_wconf 81' lang='lat' dir='ltr'><strong>ATTINGAT</strong></span> <span class='ocrx_word' id='word_1_42' title='bbox 573 947 637 1016; x_wconf 75' lang='lat' dir='ltr'>QUI</span> <span class='ocrx_word' id='word_1_43' title='bbox 659 948 711 1002; x_wconf 87' lang='lat' dir='ltr'>DE</span> <span class='ocrx_word' id='word_1_44' title='bbox 735 946 954 1003; x_wconf 82' lang='lat' dir='ltr'><strong>CESSORIBUS</strong></span> <span class='ocrx_word' id='word_1_45' title='bbox 979 945 1180 1002; x_wconf 78' lang='lat' dir='ltr'><strong>OLASSIOUM</strong></span> <span class='ocrx_word' id='word_1_46' title='bbox 1202 947 1338 1004; x_wconf 63' lang='grc' dir='ltr'>ΑΙ)11)·111</span> <span class='ocrx_word' id='word_1_47' title='bbox 1350 952 1408 1005; x_wconf 67' lang='lat' dir='ltr'>Str-¹)</span> 
     </span>
     <span class='ocr_line' id='line_1_8' title="bbox 107 1031 1255 1099; baseline 0 -13"><span class='ocrx_word' id='word_1_48' title='bbox 107 1031 262 1086; x_wconf 78' lang='grc' dir='ltr'><strong>ΟΟΜΙΤΙΑ</strong></span> <span class='ocrx_word' id='word_1_49' title='bbox 288 1031 530 1086; x_wconf 85' lang='lat' dir='ltr'><strong>CENTURIATA</strong></span> <span class='ocrx_word' id='word_1_50' title='bbox 555 1031 795 1086; x_wconf 87' lang='lat' dir='ltr'><strong>REDEMPTUM</strong></span> <span class='ocrx_word' id='word_1_51' title='bbox 821 1032 990 1099; x_wconf 84' lang='lat' dir='ltr'><strong>HABENT,</strong></span> <span class='ocrx_word' id='word_1_52' title='bbox 1016 1031 1081 1087; x_wconf 89' lang='lat' dir='ltr'>UTI</span> <span class='ocrx_word' id='word_1_53' title='bbox 1105 1032 1255 1088; x_wconf 85' lang='lat' dir='ltr'><strong>CURENT</strong></span> 
     </span>
     <span class='ocr_line' id='line_1_9' title="bbox 104 1115 1255 1184; baseline 0.001 -14"><span class='ocrx_word' id='word_1_54' title='bbox 104 1115 155 1171; x_wconf 91' lang='lat' dir='ltr'><strong>EO</strong></span> <span class='ocrx_word' id='word_1_55' title='bbox 177 1116 243 1170; x_wconf 89' lang='lat' dir='ltr'>DIE</span> <span class='ocrx_word' id='word_1_56' title='bbox 266 1115 340 1183; x_wconf 82' lang='lat' dir='ltr'>QUO</span> <span class='ocrx_word' id='word_1_57' title='bbox 363 1116 428 1170; x_wconf 91' lang='lat' dir='ltr'>DIE</span> <span class='ocrx_word' id='word_1_58' title='bbox 453 1117 608 1172; x_wconf 80' lang='grc' dir='ltr'><strong>ΟΟΜΙΤΙΑ</strong></span> <span class='ocrx_word' id='word_1_59' title='bbox 632 1117 773 1184; x_wconf 87' lang='lat' dir='ltr'><strong>ERUNT,</strong></span> <span class='ocrx_word' id='word_1_60' title='bbox 799 1117 839 1172; x_wconf 94' lang='lat' dir='ltr'>IN</span> <span class='ocrx_word' id='word_1_61' title='bbox 863 1117 962 1171; x_wconf 82' lang='lat' dir='ltr'><strong>AROE</strong></span> <span class='ocrx_word' id='word_1_62' title='bbox 985 1116 1255 1173; x_wconf 69' lang='grc' dir='ltr'>01111881ῦῦ8οΔ-</span> 
     </span>
     <span class='ocr_line' id='line_1_10' title="bbox 105 1199 1254 1270; baseline 0.001 -14"><span class='ocrx_word' id='word_1_63' title='bbox 105 1201 183 1256; x_wconf 87' lang='lat' dir='ltr'>NAT</span> <span class='ocrx_word' id='word_1_64' title='bbox 200 1199 275 1266; x_wconf 90' lang='lat' dir='ltr'>[UM]</span> <span class='ocrx_word' id='word_1_65' title='bbox 295 1201 510 1270; x_wconf 80' lang='lat' dir='ltr'><strong>CIRCUMQUE</strong></span> <span class='ocrx_word' id='word_1_66' title='bbox 528 1202 654 1258; x_wconf 87' lang='lat' dir='ltr'><strong>MUROS</strong></span> <span class='ocrx_word' id='word_1_67' title='bbox 677 1202 727 1257; x_wconf 87' lang='lat' dir='ltr'>ET</span> <span class='ocrx_word' id='word_1_68' title='bbox 745 1202 846 1257; x_wconf 89' lang='lat' dir='ltr'><strong>ANTE</strong></span> <span class='ocrx_word' id='word_1_69' title='bbox 871 1202 1022 1256; x_wconf 84' lang='lat' dir='ltr'><strong>PRIVATI</strong></span> <span class='ocrx_word' id='word_1_70' title='bbox 1044 1201 1203 1257; x_wconf 86' lang='lat' dir='ltr'><strong>HUIUSGE</strong></span> <span class='ocrx_word' id='word_1_71' title='bbox 1222 1203 1254 1257; x_wconf 89' lang='lat' dir='ltr'>T.</span> 
     </span>
     <span class='ocr_line' id='line_1_11' title="bbox 52 1286 1254 1357; baseline -0.001 -15"><span class='ocrx_word' id='word_1_72' title='bbox 52 1298 83 1351; x_wconf 79' lang='lat'>10</span> <span class='ocrx_word' id='word_1_73' title='bbox 104 1286 232 1354; x_wconf 82' lang='lat' dir='ltr'><strong>QUINTI</strong></span> <span class='ocrx_word' id='word_1_74' title='bbox 252 1286 365 1341; x_wconf 84' lang='lat' dir='ltr'><strong>TROGl</strong></span> <span class='ocrx_word' id='word_1_75' title='bbox 384 1286 586 1342; x_wconf 83' lang='lat' dir='ltr'><strong>SOELEROSI</strong></span> <span class='ocrx_word' id='word_1_76' title='bbox 604 1286 742 1343; x_wconf 88' lang='lat' dir='ltr'><strong>OSTIUM</strong></span> <span class='ocrx_word' id='word_1_77' title='bbox 761 1287 900 1357; x_wconf 81' lang='lat' dir='ltr'><strong>GANAT,</strong></span> <span class='ocrx_word' id='word_1_78' title='bbox 927 1287 977 1342; x_wconf 88' lang='lat' dir='ltr'>ET</span> <span class='ocrx_word' id='word_1_79' title='bbox 1000 1287 1050 1342; x_wconf 89' lang='lat' dir='ltr'>UT</span> <span class='ocrx_word' id='word_1_80' title='bbox 1073 1287 1113 1341; x_wconf 90' lang='lat' dir='ltr'>IN</span> <span class='ocrx_word' id='word_1_81' title='bbox 1131 1287 1254 1342; x_wconf 81' lang='lat' dir='ltr'><strong>GAMPO</strong></span> 
     </span>
     <span class='ocr_line' id='line_1_12' title="bbox 106 1371 581 1429; baseline -0.004 -2"><span class='ocrx_word' id='word_1_82' title='bbox 106 1371 183 1427; x_wconf 81' lang='lat' dir='ltr'>coM</span> <span class='ocrx_word' id='word_1_83' title='bbox 200 1371 316 1426; x_wconf 90' lang='lat' dir='ltr'><strong>PRIMO</strong></span> <span class='ocrx_word' id='word_1_84' title='bbox 334 1372 420 1427; x_wconf 86' lang='lat' dir='ltr'><strong>LUGI</strong></span> <span class='ocrx_word' id='word_1_85' title='bbox 438 1372 581 1429; x_wconf 83' lang='lat' dir='ltr'><strong>ADSIET.</strong></span> 
     </span>
    </p>
   </div>
   <div class='ocr_carea' id='block_1_5' title="bbox 103 1458 1403 1648">
    <p class='ocr_par' dir='ltr' id='par_1_5' title="bbox 103 1458 1403 1648">
     <span class='ocr_line' id='line_1_13' title="bbox 104 1458 1357 1547; baseline 0.006 -21"><span class='ocrx_word' id='word_1_86' title='bbox 104 1461 192 1527; x_wconf 86' lang='lat' dir='ltr'><strong>Inter</strong></span> <span class='ocrx_word' id='word_1_87' title='bbox 213 1460 247 1527; x_wconf 93' lang='lat' dir='ltr'>id</span> <span class='ocrx_word' id='word_1_88' title='bbox 269 1482 340 1527; x_wconf 90' lang='lat' dir='ltr'>curn</span> <span class='ocrx_word' id='word_1_89' title='bbox 364 1462 480 1527; x_wconf 87' lang='lat' dir='ltr'>circum</span> <span class='ocrx_word' id='word_1_90' title='bbox 503 1480 609 1526; x_wconf 90' lang='lat' dir='ltr'>muros</span> <span class='ocrx_word' id='word_1_91' title='bbox 631 1460 766 1526; x_wconf 84' lang='lat' dir='ltr'>mittitur</span> <span class='ocrx_word' id='word_1_92' title='bbox 788 1465 820 1525; x_wconf 91' lang='lat' dir='ltr'>et</span> <span class='ocrx_word' id='word_1_93' title='bbox 846 1481 917 1526; x_wconf 93' lang='lat' dir='ltr'>cum</span> <span class='ocrx_word' id='word_1_94' title='bbox 944 1461 1048 1527; x_wconf 86' lang='lat' dir='ltr'>contio</span> <span class='ocrx_word' id='word_1_95' title='bbox 1076 1458 1254 1526; x_wconf 78' lang='lat' dir='ltr'>advocatur</span> <span class='ocrx_word' id='word_1_96' title='bbox 1274 1469 1294 1547; x_wconf 62' lang='grc' dir='ltr'>ξ</span> <span class='ocrx_word' id='word_1_97' title='bbox 1318 1471 1357 1532; x_wconf 86' lang='grc'>93</span> 
     </span>
     <span class='ocr_line' id='line_1_14' title="bbox 103 1561 1403 1648; baseline 0 -21"><span class='ocrx_word' id='word_1_98' title='bbox 103 1561 258 1630; x_wconf 80' lang='lat' dir='ltr'>interesse</span> <span class='ocrx_word' id='word_1_99' title='bbox 279 1569 405 1648; x_wconf 89' lang='lat' dir='ltr'>tempus</span> <span class='ocrx_word' id='word_1_100' title='bbox 427 1569 561 1648; x_wconf 87' lang='lat' dir='ltr'>apparet</span> <span class='ocrx_word' id='word_1_101' title='bbox 583 1583 624 1628; x_wconf 83' lang='lat' dir='ltr'>ex</span> <span class='ocrx_word' id='word_1_102' title='bbox 651 1563 807 1646; x_wconf 89' lang='lat' dir='ltr'>hisquae</span> <span class='ocrx_word' id='word_1_103' title='bbox 836 1563 958 1630; x_wconf 88' lang='lat' dir='ltr'>interea</span> <span class='ocrx_word' id='word_1_104' title='bbox 984 1562 1053 1629; x_wconf 87' lang='lat' dir='ltr'>fieri</span> <span class='ocrx_word' id='word_1_105' title='bbox 1079 1563 1145 1629; x_wconf 91' lang='lat' dir='ltr'>illic</span> <span class='ocrx_word' id='word_1_106' title='bbox 1173 1563 1250 1630; x_wconf 90' lang='lat' dir='ltr'>item</span> <span class='ocrx_word' id='word_1_107' title='bbox 1260 1584 1291 1638; x_wconf 71' lang='lat' dir='ltr'>(a</span> <span class='ocrx_word' id='word_1_108' title='bbox 1299 1586 1337 1628; x_wconf 79' lang='lat' dir='ltr'>en</span> <span class='ocrx_word' id='word_1_109' title='bbox 1346 1587 1403 1640; x_wconf 58' lang='lat' dir='ltr'>sau</span> 
     </span>
    </p>
   </div>
   <div class='ocr_carea' id='block_1_6' title="bbox 33 1815 1253 4362">
    <p class='ocr_par' dir='ltr' id='par_1_6' title="bbox 33 1815 1253 4362">
     <span class='ocr_line' id='line_1_15' title="bbox 104 1815 1250 1887; baseline 0 -17"><span class='ocrx_word' id='word_1_110' title='bbox 104 1818 191 1881; x_wconf 88' lang='lat' dir='ltr'>extra]</span> <span class='ocrx_word' id='word_1_111' title='bbox 204 1815 259 1887; x_wconf 83' lang='lat' dir='ltr'>Fp,</span> <span class='ocrx_word' id='word_1_112' title='bbox 278 1821 374 1873; x_wconf 83' lang='lat' dir='ltr'>extera</span> <span class='ocrx_word' id='word_1_113' title='bbox 385 1819 419 1887; x_wconf 86' lang='lat' dir='ltr'>V,</span> <span class='ocrx_word' id='word_1_114' title='bbox 434 1835 468 1873; x_wconf 86' lang='lat' dir='ltr'>ex</span> <span class='ocrx_word' id='word_1_115' title='bbox 479 1835 529 1873; x_wconf 87' lang='lat' dir='ltr'>ara</span> <span class='ocrx_word' id='word_1_116' title='bbox 542 1817 660 1874; x_wconf 90' lang='lat' dir='ltr'>ceteri.</span> <span class='ocrx_word' id='word_1_117' title='bbox 680 1820 810 1873; x_wconf 75' lang='lat' dir='ltr'>censeant</span> <span class='ocrx_word' id='word_1_118' title='bbox 822 1818 958 1887; x_wconf 77' lang='lat' dir='ltr'>exquiras,</span> <span class='ocrx_word' id='word_1_119' title='bbox 977 1817 1103 1873; x_wconf 89' lang='lat' dir='ltr'>consules</span> <span class='ocrx_word' id='word_1_120' title='bbox 1115 1816 1250 1872; x_wconf 85' lang='lat' dir='ltr'>Mulier.</span> 
     </span>
     <span class='ocr_line' id='line_1_16' title="bbox 103 1902 1251 1974; baseline 0.001 -19"><span class='ocrx_word' id='word_1_121' title='bbox 103 1929 138 1939; x_wconf 99' lang='lat'><strong>—</strong></span> <span class='ocrx_word' id='word_1_122' title='bbox 156 1905 171 1954; x_wconf 80' lang='lat'><strong>2</strong></span> <span class='ocrx_word' id='word_1_123' title='bbox 189 1905 261 1967; x_wconf 85' lang='lat' dir='ltr'>tuos]</span> <span class='ocrx_word' id='word_1_124' title='bbox 280 1920 330 1958; x_wconf 90' lang='lat' dir='ltr'>uos</span> <span class='ocrx_word' id='word_1_125' title='bbox 347 1904 380 1972; x_wconf 88' lang='lat' dir='ltr'>F,</span> <span class='ocrx_word' id='word_1_126' title='bbox 408 1921 478 1959; x_wconf 89' lang='lat' dir='ltr'>corr.</span> <span class='ocrx_word' id='word_1_127' title='bbox 498 1903 694 1974; x_wconf 90' lang='lat' dir='ltr'>Scioppius.</span> <span class='ocrx_word' id='word_1_128' title='bbox 721 1933 755 1941; x_wconf 97' lang='lat'><em>-</em></span> <span class='ocrx_word' id='word_1_129' title='bbox 781 1904 915 1968; x_wconf 89' lang='lat' dir='ltr'>homines]</span> <span class='ocrx_word' id='word_1_130' title='bbox 934 1903 1036 1958; x_wconf 84' lang='lat' dir='ltr'>omneis</span> <span class='ocrx_word' id='word_1_131' title='bbox 1054 1902 1251 1973; x_wconf 80' lang='lat' dir='ltr'>Scioppius.</span> 
     </span>
     <span class='ocr_line' id='line_1_17' title="bbox 105 1986 1252 2059; baseline 0.002 -19"><span class='ocrx_word' id='word_1_132' title='bbox 105 2016 135 2026; x_wconf 92' lang='lat'><em>-</em></span> <span class='ocrx_word' id='word_1_133' title='bbox 156 1990 171 2040; x_wconf 87' lang='lat'><strong>3</strong></span> <span class='ocrx_word' id='word_1_134' title='bbox 189 1989 317 2053; x_wconf 90' lang='lat' dir='ltr'>aduoees]</span> <span class='ocrx_word' id='word_1_135' title='bbox 337 1989 370 2057; x_wconf 82' lang='lat' dir='ltr'>G,</span> <span class='ocrx_word' id='word_1_136' title='bbox 397 1990 481 2059; x_wconf 86' lang='lat' dir='ltr'>vulg.</span> <span class='ocrx_word' id='word_1_137' title='bbox 500 2006 538 2044; x_wconf 75' lang='lat' dir='ltr'>ex</span> <span class='ocrx_word' id='word_1_138' title='bbox 555 1990 587 2058; x_wconf 88' lang='grc' dir='ltr'>Β,</span> <span class='ocrx_word' id='word_1_139' title='bbox 615 2004 716 2042; x_wconf 87' lang='lat' dir='ltr'>auoces</span> <span class='ocrx_word' id='word_1_140' title='bbox 734 1986 766 2042; x_wconf 83' lang='lat' dir='ltr'>F.</span> <span class='ocrx_word' id='word_1_141' title='bbox 795 2019 829 2028; x_wconf 93' lang='lat'><strong>—</strong></span> <span class='ocrx_word' id='word_1_142' title='bbox 856 1995 941 2042; x_wconf 81' lang='lat' dir='ltr'>totum</span> <span class='ocrx_word' id='word_1_143' title='bbox 959 1988 1046 2043; x_wconf 83' lang='lat' dir='ltr'>locum</span> <span class='ocrx_word' id='word_1_144' title='bbox 1065 1988 1122 2042; x_wconf 92' lang='lat' dir='ltr'>Th.</span> <span class='ocrx_word' id='word_1_145' title='bbox 1142 1989 1252 2058; x_wconf 82' lang='lat' dir='ltr'>Bergk</span> 
     </span>
     <span class='ocr_line' id='line_1_18' title="bbox 102 2071 1253 2143; baseline 0.003 -18"><span class='ocrx_word' id='word_1_146' title='bbox 102 2072 203 2127; x_wconf 88' lang='lat' dir='ltr'>Annal.</span> <span class='ocrx_word' id='word_1_147' title='bbox 225 2074 292 2142; x_wconf 91' lang='lat' dir='ltr'>phil.</span> <span class='ocrx_word' id='word_1_148' title='bbox 315 2073 459 2128; x_wconf 89' lang='lat' dir='ltr'><strong>LXXXIII</strong></span> <span class='ocrx_word' id='word_1_149' title='bbox 481 2091 509 2143; x_wconf 94' lang='lat' dir='ltr'>p.</span> <span class='ocrx_word' id='word_1_150' title='bbox 529 2073 827 2143; x_wconf 72' lang='lat' dir='ltr'>3115iecouformet:</span> <span class='ocrx_word' id='word_1_151' title='bbox 855 2071 987 2143; x_wconf 89' lang='lat' dir='ltr'>Auspicio</span> <span class='ocrx_word' id='word_1_152' title='bbox 1011 2088 1122 2143; x_wconf 86' lang='lat' dir='ltr'>operam</span> <span class='ocrx_word' id='word_1_153' title='bbox 1149 2074 1197 2127; x_wconf 90' lang='lat' dir='ltr'>des</span> <span class='ocrx_word' id='word_1_154' title='bbox 1224 2078 1253 2128; x_wconf 90' lang='lat' dir='ltr'>et</span> 
     </span>
     <span class='ocr_line' id='line_1_19' title="bbox 102 2155 1251 2229; baseline 0.004 -21"><span class='ocrx_word' id='word_1_155' title='bbox 102 2155 133 2210; x_wconf 91' lang='lat' dir='ltr'>in</span> <span class='ocrx_word' id='word_1_156' title='bbox 157 2159 259 2227; x_wconf 82' lang='lat' dir='ltr'>tcmplo</span> <span class='ocrx_word' id='word_1_157' title='bbox 287 2158 417 2227; x_wconf 85' lang='lat' dir='ltr'>auspicii,</span> <span class='ocrx_word' id='word_1_158' title='bbox 448 2160 512 2213; x_wconf 89' lang='lat' dir='ltr'>dum</span> <span class='ocrx_word' id='word_1_159' title='bbox 539 2162 588 2213; x_wconf 86' lang='lat' dir='ltr'>aut</span> <span class='ocrx_word' id='word_1_160' title='bbox 613 2159 649 2212; x_wconf 89' lang='lat' dir='ltr'>ad</span> <span class='ocrx_word' id='word_1_161' title='bbox 675 2162 830 2229; x_wconf 85' lang='lat' dir='ltr'>praetorem</span> <span class='ocrx_word' id='word_1_162' title='bbox 855 2163 904 2213; x_wconf 91' lang='lat' dir='ltr'>aut</span> <span class='ocrx_word' id='word_1_163' title='bbox 930 2159 966 2212; x_wconf 91' lang='lat' dir='ltr'>ad</span> <span class='ocrx_word' id='word_1_164' title='bbox 994 2159 1133 2214; x_wconf 88' lang='lat' dir='ltr'>consulem</span> <span class='ocrx_word' id='word_1_165' title='bbox 1158 2159 1251 2213; x_wconf 87' lang='lat' dir='ltr'>mittas</span> 
     </span>
     <span class='ocr_line' id='line_1_20' title="bbox 103 2241 1252 2314; baseline 0.003 -20"><span class='ocrx_word' id='word_1_166' title='bbox 103 2241 257 2311; x_wconf 84' lang='lat' dir='ltr'>auspicium</span> <span class='ocrx_word' id='word_1_167' title='bbox 283 2244 413 2312; x_wconf 88' lang='lat' dir='ltr'>petitum,</span> <span class='ocrx_word' id='word_1_168' title='bbox 441 2244 610 2299; x_wconf 82' lang='lat' dir='ltr'>comitiatum</span> <span class='ocrx_word' id='word_1_169' title='bbox 635 2258 736 2314; x_wconf 88' lang='lat' dir='ltr'>praeco</span> <span class='ocrx_word' id='word_1_170' title='bbox 763 2242 835 2297; x_wconf 89' lang='lat' dir='ltr'>viros</span> <span class='ocrx_word' id='word_1_171' title='bbox 860 2247 941 2298; x_wconf 88' lang='lat' dir='ltr'>vocet</span> <span class='ocrx_word' id='word_1_172' title='bbox 966 2245 1003 2297; x_wconf 89' lang='lat' dir='ltr'>ad</span> <span class='ocrx_word' id='word_1_173' title='bbox 1027 2247 1064 2298; x_wconf 86' lang='lat' dir='ltr'>te.</span> <span class='ocrx_word' id='word_1_174' title='bbox 1091 2243 1191 2298; x_wconf 88' lang='lat' dir='ltr'>iterum</span> <span class='ocrx_word' id='word_1_175' title='bbox 1217 2243 1252 2298; x_wconf 91' lang='lat' dir='ltr'>de</span> 
     </span>
     <span class='ocr_line' id='line_1_21' title="bbox 101 2327 1251 2400; baseline 0.001 -20"><span class='ocrx_word' id='word_1_176' title='bbox 101 2327 202 2382; x_wconf 90' lang='lat' dir='ltr'>moeris</span> <span class='ocrx_word' id='word_1_177' title='bbox 219 2331 299 2383; x_wconf 89' lang='lat' dir='ltr'>vocet</span> <span class='ocrx_word' id='word_1_178' title='bbox 315 2345 429 2397; x_wconf 88' lang='lat' dir='ltr'>praeco:</span> <span class='ocrx_word' id='word_1_179' title='bbox 447 2329 477 2383; x_wconf 89' lang='lat' dir='ltr'>id</span> <span class='ocrx_word' id='word_1_180' title='bbox 494 2329 629 2400; x_wconf 88' lang='lat' dir='ltr'>imperare</span> <span class='ocrx_word' id='word_1_181' title='bbox 648 2332 764 2398; x_wconf 88' lang='lat' dir='ltr'>oportet.</span> <span class='ocrx_word' id='word_1_182' title='bbox 783 2328 950 2383; x_wconf 88' lang='lat' dir='ltr'>cornicinem</span> <span class='ocrx_word' id='word_1_183' title='bbox 967 2330 1004 2382; x_wconf 86' lang='lat' dir='ltr'>ad</span> <span class='ocrx_word' id='word_1_184' title='bbox 1021 2328 1122 2399; x_wconf 91' lang='lat' dir='ltr'>privati</span> <span class='ocrx_word' id='word_1_185' title='bbox 1139 2328 1251 2382; x_wconf 90' lang='lat' dir='ltr'>ianuam</span> 
     </span>
     <span class='ocr_line' id='line_1_22' title="bbox 33 2411 1250 2484; baseline 0.001 -19"><span class='ocrx_word' id='word_1_186' title='bbox 33 2430 44 2442; x_wconf 86' lang='lat'><em>·</em></span> <span class='ocrx_word' id='word_1_187' title='bbox 102 2414 131 2466; x_wconf 90' lang='lat' dir='ltr'>et</span> <span class='ocrx_word' id='word_1_188' title='bbox 147 2411 177 2466; x_wconf 87' lang='lat' dir='ltr'>iu</span> <span class='ocrx_word' id='word_1_189' title='bbox 194 2428 285 2468; x_wconf 87' lang='lat' dir='ltr'>arcem</span> <span class='ocrx_word' id='word_1_190' title='bbox 303 2415 469 2484; x_wconf 86' lang='lat' dir='ltr'>[circumque</span> <span class='ocrx_word' id='word_1_191' title='bbox 486 2420 601 2479; x_wconf 81' lang='lat' dir='ltr'>moeros]</span> <span class='ocrx_word' id='word_1_192' title='bbox 619 2414 712 2468; x_wconf 88' lang='lat' dir='ltr'>mittas</span> <span class='ocrx_word' id='word_1_193' title='bbox 731 2413 779 2468; x_wconf 95' lang='lat' dir='ltr'>ubi</span> <span class='ocrx_word' id='word_1_194' title='bbox 797 2416 887 2468; x_wconf 86' lang='lat' dir='ltr'>canat.</span> <span class='ocrx_word' id='word_1_195' title='bbox 907 2413 1039 2483; x_wconf 78' lang='lat' dir='ltr'>collegam</span> <span class='ocrx_word' id='word_1_196' title='bbox 1059 2428 1138 2483; x_wconf 86' lang='lat' dir='ltr'>roges</span> <span class='ocrx_word' id='word_1_197' title='bbox 1157 2413 1250 2480; x_wconf 85' lang='lat' dir='ltr'>(rogis)</span> 
     </span>
     <span class='ocr_line' id='line_1_23' title="bbox 101 2498 1250 2567; baseline 0.002 -17"><span class='ocrx_word' id='word_1_198' title='bbox 101 2499 135 2550; x_wconf 91' lang='lat' dir='ltr'>nt</span> <span class='ocrx_word' id='word_1_199' title='bbox 160 2498 270 2553; x_wconf 80' lang='lat' dir='ltr'>comItia</span> <span class='ocrx_word' id='word_1_200' title='bbox 295 2500 387 2554; x_wconf 87' lang='lat' dir='ltr'>edicat</span> <span class='ocrx_word' id='word_1_201' title='bbox 413 2501 447 2554; x_wconf 88' lang='lat' dir='ltr'>de</span> <span class='ocrx_word' id='word_1_202' title='bbox 473 2501 571 2554; x_wconf 87' lang='lat' dir='ltr'>rostris</span> <span class='ocrx_word' id='word_1_203' title='bbox 598 2503 626 2555; x_wconf 91' lang='lat' dir='ltr'>et</span> <span class='ocrx_word' id='word_1_204' title='bbox 649 2499 798 2567; x_wconf 87' lang='lat' dir='ltr'>argentarii</span> <span class='ocrx_word' id='word_1_205' title='bbox 821 2499 950 2553; x_wconf 89' lang='lat' dir='ltr'>tabernas</span> <span class='ocrx_word' id='word_1_206' title='bbox 974 2498 1128 2554; x_wconf 84' lang='lat' dir='ltr'>secludant.</span> <span class='ocrx_word' id='word_1_207' title='bbox 1156 2501 1250 2566; x_wconf 86' lang='lat' dir='ltr'>patres</span> 
     </span>
     <span class='ocr_line' id='line_1_24' title="bbox 102 2583 1247 2654; baseline 0.001 -18"><span class='ocrx_word' id='word_1_208' title='bbox 102 2583 249 2637; x_wconf 86' lang='lat' dir='ltr'>consulant</span> <span class='ocrx_word' id='word_1_209' title='bbox 266 2600 418 2653; x_wconf 86' lang='lat' dir='ltr'>exquaeras</span> <span class='ocrx_word' id='word_1_210' title='bbox 436 2588 464 2640; x_wconf 90' lang='lat' dir='ltr'>et</span> <span class='ocrx_word' id='word_1_211' title='bbox 481 2586 579 2640; x_wconf 89' lang='lat' dir='ltr'>adesse</span> <span class='ocrx_word' id='word_1_212' title='bbox 597 2584 701 2640; x_wconf 89' lang='lat' dir='ltr'>iubeas.</span> <span class='ocrx_word' id='word_1_213' title='bbox 720 2586 894 2654; x_wconf 83' lang='lat' dir='ltr'>magistratus</span> <span class='ocrx_word' id='word_1_214' title='bbox 920 2584 1064 2640; x_wconf 88' lang='lat' dir='ltr'>consulant</span> <span class='ocrx_word' id='word_1_215' title='bbox 1087 2598 1247 2651; x_wconf 83' lang='lat' dir='ltr'>exquaeras,</span> 
     </span>
     <span class='ocr_line' id='line_1_25' title="bbox 102 2668 1250 2741; baseline 0.002 -20"><span class='ocrx_word' id='word_1_216' title='bbox 102 2668 228 2723; x_wconf 91' lang='lat' dir='ltr'>consules</span> <span class='ocrx_word' id='word_1_217' title='bbox 250 2674 391 2738; x_wconf 85' lang='lat' dir='ltr'>praetores</span> <span class='ocrx_word' id='word_1_218' title='bbox 414 2670 594 2740; x_wconf 86' lang='lat' dir='ltr'>tribunosque</span> <span class='ocrx_word' id='word_1_219' title='bbox 616 2669 653 2741; x_wconf 92' lang='lat' dir='ltr'>pl.</span> <span class='ocrx_word' id='word_1_220' title='bbox 673 2671 924 2738; x_wconf 85' lang='lat' dir='ltr'>collegasquctuos</span> <span class='ocrx_word' id='word_1_221' title='bbox 942 2669 1017 2724; x_wconf 88' lang='lat' dir='ltr'>etin</span> <span class='ocrx_word' id='word_1_222' title='bbox 1033 2668 1134 2736; x_wconf 88' lang='lat' dir='ltr'>templo</span> <span class='ocrx_word' id='word_1_223' title='bbox 1153 2669 1250 2723; x_wconf 88' lang='lat' dir='ltr'>adesse</span> 
     </span>
     <span class='ocr_line' id='line_1_26' title="bbox 99 2752 1249 2826; baseline 0.003 -20"><span class='ocrx_word' id='word_1_224' title='bbox 99 2752 204 2807; x_wconf 88' lang='lat' dir='ltr'>iubeas.</span> <span class='ocrx_word' id='word_1_225' title='bbox 224 2755 331 2810; x_wconf 90' lang='lat' dir='ltr'>oscines</span> <span class='ocrx_word' id='word_1_226' title='bbox 348 2757 386 2810; x_wconf 90' lang='lat' dir='ltr'>ad</span> <span class='ocrx_word' id='word_1_227' title='bbox 404 2772 466 2810; x_wconf 90' lang='lat' dir='ltr'>cum</span> <span class='ocrx_word' id='word_1_228' title='bbox 482 2757 601 2824; x_wconf 89' lang='lat' dir='ltr'>mittant,</span> <span class='ocrx_word' id='word_1_229' title='bbox 620 2755 775 2810; x_wconf 90' lang='lat' dir='ltr'>contionem</span> <span class='ocrx_word' id='word_1_230' title='bbox 792 2771 912 2809; x_wconf 85' lang='lat' dir='ltr'>arvoces.</span> <span class='ocrx_word' id='word_1_231' title='bbox 931 2753 1000 2808; x_wconf 81' lang='lat' dir='ltr'>baec</span> <span class='ocrx_word' id='word_1_232' title='bbox 1010 2753 1160 2826; x_wconf 73' lang='lat' dir='ltr'>adempsit</span> <span class='ocrx_word' id='word_1_233' title='bbox 1171 2755 1249 2824; x_wconf 87' lang='lat' dir='ltr'>LSp:</span> 
     </span>
     <span class='ocr_line' id='line_1_27' title="bbox 99 2834 1250 2912; baseline 0.002 -18"><span class='ocrx_word' id='word_1_234' title='bbox 99 2834 161 2910; x_wconf 74' lang='lat' dir='ltr'>‘ego</span> <span class='ocrx_word' id='word_1_235' title='bbox 178 2839 246 2893; x_wconf 80' lang='lat' dir='ltr'>talia</span> <span class='ocrx_word' id='word_1_236' title='bbox 261 2840 325 2910; x_wconf 82' lang='lat' dir='ltr'>fere</span> <span class='ocrx_word' id='word_1_237' title='bbox 342 2842 516 2912; x_wconf 77' lang='lat' dir='ltr'>exspectavi:</span> <span class='ocrx_word' id='word_1_238' title='bbox 542 2841 572 2895; x_wconf 89' lang='lat' dir='ltr'>in</span> <span class='ocrx_word' id='word_1_239' title='bbox 596 2858 649 2910; x_wconf 91' lang='lat' dir='ltr'>qno</span> <span class='ocrx_word' id='word_1_240' title='bbox 672 2841 713 2895; x_wconf 88' lang='lat' dir='ltr'>sic</span> <span class='ocrx_word' id='word_1_241' title='bbox 737 2845 780 2896; x_wconf 91' lang='lat' dir='ltr'>est</span> <span class='ocrx_word' id='word_1_242' title='bbox 801 2841 932 2909; x_wconf 89' lang='lat' dir='ltr'>scriptum</span> <span class='ocrx_word' id='word_1_243' title='bbox 956 2840 1014 2894; x_wconf 82' lang='lat' dir='ltr'>Aut</span> <span class='ocrx_word' id='word_1_244' title='bbox 1035 2840 1072 2893; x_wconf 90' lang='lat' dir='ltr'>ad</span> <span class='ocrx_word' id='word_1_245' title='bbox 1093 2843 1250 2910; x_wconf 86' lang='lat' dir='ltr'>praetorem</span> 
     </span>
     <span class='ocr_line' id='line_1_28' title="bbox 100 2925 1249 2997; baseline 0.003 -19"><span class='ocrx_word' id='word_1_246' title='bbox 100 2925 202 2978; x_wconf 86' lang='lat' dir='ltr'>autad</span> <span class='ocrx_word' id='word_1_247' title='bbox 220 2927 359 2980; x_wconf 90' lang='lat' dir='ltr'>consulem</span> <span class='ocrx_word' id='word_1_248' title='bbox 375 2927 468 2982; x_wconf 89' lang='lat' dir='ltr'>mittas</span> <span class='ocrx_word' id='word_1_249' title='bbox 486 2926 640 2996; x_wconf 89' lang='lat' dir='ltr'>auspicium</span> <span class='ocrx_word' id='word_1_250' title='bbox 657 2927 787 2997; x_wconf 71' lang='lat' dir='ltr'>petitum,</span> <span class='ocrx_word' id='word_1_251' title='bbox 806 2926 930 2996; x_wconf 89' lang='lat' dir='ltr'>auspicio</span> <span class='ocrx_word' id='word_1_252' title='bbox 949 2929 1026 2981; x_wconf 85' lang='lat' dir='ltr'>orato</span> <span class='ocrx_word' id='word_1_253' title='bbox 1045 2926 1131 2992; x_wconf 81' lang='lat' dir='ltr'>(dato)</span> <span class='ocrx_word' id='word_1_254' title='bbox 1147 2942 1249 2995; x_wconf 84' lang='lat' dir='ltr'>praeco</span> 
     </span>
     <span class='ocr_line' id='line_1_29' title="bbox 99 3008 1248 3082; baseline 0.004 -19"><span class='ocrx_word' id='word_1_255' title='bbox 99 3008 173 3064; x_wconf 92' lang='lat' dir='ltr'>viros</span> <span class='ocrx_word' id='word_1_256' title='bbox 198 3011 316 3078; x_wconf 89' lang='lat' dir='ltr'>primum</span> <span class='ocrx_word' id='word_1_257' title='bbox 342 3012 372 3065; x_wconf 95' lang='lat' dir='ltr'>in</span> <span class='ocrx_word' id='word_1_258' title='bbox 396 3013 498 3082; x_wconf 86' lang='lat' dir='ltr'>templo</span> <span class='ocrx_word' id='word_1_259' title='bbox 523 3013 648 3067; x_wconf 88' lang='lat' dir='ltr'>iulicium</span> <span class='ocrx_word' id='word_1_260' title='bbox 672 3015 752 3068; x_wconf 90' lang='lat' dir='ltr'>vocet</span> <span class='ocrx_word' id='word_1_261' title='bbox 778 3014 814 3066; x_wconf 87' lang='lat' dir='ltr'>ad</span> <span class='ocrx_word' id='word_1_262' title='bbox 840 3016 883 3078; x_wconf 88' lang='lat' dir='ltr'>te,</span> <span class='ocrx_word' id='word_1_263' title='bbox 908 3015 967 3066; x_wconf 86' lang='lat' dir='ltr'>tum</span> <span class='ocrx_word' id='word_1_264' title='bbox 992 3012 1027 3065; x_wconf 91' lang='lat' dir='ltr'>de</span> <span class='ocrx_word' id='word_1_265' title='bbox 1052 3011 1137 3065; x_wconf 89' lang='lat' dir='ltr'>muris</span> <span class='ocrx_word' id='word_1_266' title='bbox 1160 3016 1248 3068; x_wconf 85' lang='lat' dir='ltr'>vocet.</span> 
     </span>
     <span class='ocr_line' id='line_1_30' title="bbox 99 3094 1247 3168; baseline 0.001 -19"><span class='ocrx_word' id='word_1_267' title='bbox 99 3096 231 3164; x_wconf 90' lang='lat' dir='ltr'>praeconi</span> <span class='ocrx_word' id='word_1_268' title='bbox 248 3097 278 3150; x_wconf 90' lang='lat' dir='ltr'>id</span> <span class='ocrx_word' id='word_1_269' title='bbox 294 3097 429 3166; x_wconf 89' lang='lat' dir='ltr'>imperare</span> <span class='ocrx_word' id='word_1_270' title='bbox 448 3094 572 3168; x_wconf 67' lang='lat' dir='ltr'>oportet?</span> <span class='ocrx_word' id='word_1_271' title='bbox 602 3128 633 3137; x_wconf 92' lang='lat'><em>-</em></span> <span class='ocrx_word' id='word_1_272' title='bbox 662 3096 884 3166; x_wconf 74' lang='lat' dir='ltr'>desquisitionis</span> <span class='ocrx_word' id='word_1_273' title='bbox 902 3097 935 3164; x_wconf 88' lang='lat' dir='ltr'>F,</span> <span class='ocrx_word' id='word_1_274' title='bbox 962 3113 1033 3152; x_wconf 83' lang='lat' dir='ltr'>corr.</span> <span class='ocrx_word' id='word_1_275' title='bbox 1052 3098 1141 3166; x_wconf 82' lang='lat' dir='ltr'>vulg.</span> <span class='ocrx_word' id='word_1_276' title='bbox 1160 3114 1199 3153; x_wconf 71' lang='lat' dir='ltr'>esc</span> <span class='ocrx_word' id='word_1_277' title='bbox 1214 3099 1247 3152; x_wconf 93' lang='lat' dir='ltr'>B.</span> 
     </span>
     <span class='ocr_line' id='line_1_31' title="bbox 99 3176 1250 3254; baseline 0.003 -20"><span class='ocrx_word' id='word_1_278' title='bbox 99 3209 135 3220; x_wconf 89' lang='lat'>—·</span> <span class='ocrx_word' id='word_1_279' title='bbox 158 3181 300 3249; x_wconf 85' lang='lat' dir='ltr'>scriptum]</span> <span class='ocrx_word' id='word_1_280' title='bbox 336 3176 412 3252; x_wconf 78' lang='lat' dir='ltr'>‘fort</span> <span class='ocrx_word' id='word_1_281' title='bbox 432 3190 500 3254; x_wconf 81' lang='lat' dir='ltr'>post</span> <span class='ocrx_word' id='word_1_282' title='bbox 524 3183 608 3238; x_wconf 86' lang='lat' dir='ltr'>edicti</span> <span class='ocrx_word' id='word_1_283' title='bbox 633 3184 686 3239; x_wconf 90' lang='lat' dir='ltr'>hoc</span> <span class='ocrx_word' id='word_1_284' title='bbox 711 3179 892 3254; x_wconf 81' lang='lat' dir='ltr'>ponendum‘.</span> <span class='ocrx_word' id='word_1_285' title='bbox 910 3182 990 3251; x_wconf 85' lang='lat' dir='ltr'>LSp,</span> <span class='ocrx_word' id='word_1_286' title='bbox 1016 3182 1072 3236; x_wconf 79' lang='lat' dir='ltr'>nisi</span> <span class='ocrx_word' id='word_1_287' title='bbox 1093 3182 1145 3237; x_wconf 82' lang='lat' dir='ltr'>del.</span> <span class='ocrx_word' id='word_1_288' title='bbox 1166 3187 1250 3252; x_wconf 90' lang='lat' dir='ltr'>caput</span> 
     </span>
     <span class='ocr_line' id='line_1_32' title="bbox 100 3262 1248 3338; baseline 0.002 -18"><span class='ocrx_word' id='word_1_289' title='bbox 100 3265 193 3321; x_wconf 87' lang='lat' dir='ltr'>edicti.</span> <span class='ocrx_word' id='word_1_290' title='bbox 219 3298 254 3306; x_wconf 97' lang='lat'><strong>—</strong></span> <span class='ocrx_word' id='word_1_291' title='bbox 281 3271 297 3321; x_wconf 90' lang='lat'><strong>6</strong></span> <span class='ocrx_word' id='word_1_292' title='bbox 314 3267 439 3336; x_wconf 86' lang='lat' dir='ltr'>attingat]</span> <span class='ocrx_word' id='word_1_293' title='bbox 454 3262 536 3338; x_wconf 79' lang='lat' dir='ltr'>‘fort</span> <span class='ocrx_word' id='word_1_294' title='bbox 555 3268 655 3323; x_wconf 84' lang='lat' dir='ltr'>attinet</span> <span class='ocrx_word' id='word_1_295' title='bbox 671 3269 708 3322; x_wconf 87' lang='lat' dir='ltr'>ad</span> <span class='ocrx_word' id='word_1_296' title='bbox 724 3263 783 3322; x_wconf 88' lang='lat' dir='ltr'>eoe&#39;</span> <span class='ocrx_word' id='word_1_297' title='bbox 803 3267 874 3337; x_wconf 82' lang='lat' dir='ltr'>LSp.</span> <span class='ocrx_word' id='word_1_298' title='bbox 893 3297 928 3308; x_wconf 90' lang='lat'><em>-</em></span> <span class='ocrx_word' id='word_1_299' title='bbox 945 3267 1136 3322; x_wconf 88' lang='lat' dir='ltr'>decessoribus</span> <span class='ocrx_word' id='word_1_300' title='bbox 1153 3268 1248 3322; x_wconf 72' lang='grc' dir='ltr'>ΕΘΗ</span> 
     </span>
     <span class='ocr_line' id='line_1_33' title="bbox 99 3350 1247 3425; baseline 0.001 -20"><span class='ocrx_word' id='word_1_301' title='bbox 99 3350 227 3421; x_wconf 84' lang='lat' dir='ltr'>MVap‚</span> <span class='ocrx_word' id='word_1_302' title='bbox 246 3353 452 3409; x_wconf 88' lang='lat' dir='ltr'>decessoribus</span> <span class='ocrx_word' id='word_1_303' title='bbox 471 3354 673 3425; x_wconf 87' lang='lat' dir='ltr'>Scioppius,</span> <span class='ocrx_word' id='word_1_304' title='bbox 696 3354 731 3407; x_wconf 91' lang='lat' dir='ltr'>de</span> <span class='ocrx_word' id='word_1_305' title='bbox 749 3352 908 3408; x_wconf 89' lang='lat' dir='ltr'>censoribus</span> <span class='ocrx_word' id='word_1_306' title='bbox 926 3352 1023 3422; x_wconf 79' lang='lat' dir='ltr'>vulg,</span> <span class='ocrx_word' id='word_1_307' title='bbox 1049 3353 1084 3408; x_wconf 88' lang='lat' dir='ltr'>de</span> <span class='ocrx_word' id='word_1_308' title='bbox 1102 3352 1247 3409; x_wconf 89' lang='lat' dir='ltr'>cornicini-</span> 
     </span>
     <span class='ocr_line' id='line_1_34' title="bbox 99 3432 1248 3510; baseline 0.002 -21"><span class='ocrx_word' id='word_1_309' title='bbox 99 3435 151 3491; x_wconf 89' lang='lat' dir='ltr'>bus</span> <span class='ocrx_word' id='word_1_310' title='bbox 169 3437 332 3507; x_wconf 81' lang='lat' dir='ltr'>thtling</span> <span class='ocrx_word' id='word_1_311' title='bbox 349 3439 427 3492; x_wconf 78' lang='lat' dir='ltr'>Rom.</span> <span class='ocrx_word' id='word_1_312' title='bbox 447 3439 550 3494; x_wconf 85' lang='lat' dir='ltr'>Staatv.</span> <span class='ocrx_word' id='word_1_313' title='bbox 569 3458 596 3510; x_wconf 93' lang='lat' dir='ltr'>p.</span> <span class='ocrx_word' id='word_1_314' title='bbox 616 3443 675 3494; x_wconf 70' lang='lat'>275.</span> <span class='ocrx_word' id='word_1_315' title='bbox 700 3469 733 3478; x_wconf 89' lang='lat'>—</span> <span class='ocrx_word' id='word_1_316' title='bbox 760 3443 775 3493; x_wconf 81' lang='grc'>8</span> <span class='ocrx_word' id='word_1_317' title='bbox 793 3440 888 3493; x_wconf 87' lang='lat' dir='ltr'>eodem</span> <span class='ocrx_word' id='word_1_318' title='bbox 905 3438 951 3493; x_wconf 90' lang='lat' dir='ltr'>die</span> <span class='ocrx_word' id='word_1_319' title='bbox 969 3438 1003 3493; x_wconf 86' lang='lat' dir='ltr'>G.</span> <span class='ocrx_word' id='word_1_320' title='bbox 1021 3468 1055 3477; x_wconf 92' lang='lat'><em>-</em></span> <span class='ocrx_word' id='word_1_321' title='bbox 1068 3432 1149 3508; x_wconf 82' lang='lat' dir='ltr'>‘fort</span> <span class='ocrx_word' id='word_1_322' title='bbox 1167 3440 1248 3493; x_wconf 89' lang='lat' dir='ltr'>erunt</span> 
     </span>
     <span class='ocr_line' id='line_1_35' title="bbox 100 3517 1249 3593; baseline 0.002 -18"><span class='ocrx_word' id='word_1_323' title='bbox 100 3517 143 3575; x_wconf 91' lang='lat' dir='ltr'>nt’</span> <span class='ocrx_word' id='word_1_324' title='bbox 158 3521 230 3593; x_wconf 88' lang='lat' dir='ltr'>LSp.</span> <span class='ocrx_word' id='word_1_325' title='bbox 250 3554 283 3562; x_wconf 95' lang='lat'>—</span> <span class='ocrx_word' id='word_1_326' title='bbox 302 3524 447 3579; x_wconf 88' lang='lat' dir='ltr'>classicum</span> <span class='ocrx_word' id='word_1_327' title='bbox 459 3525 687 3593; x_wconf 80' lang='lat' dir='ltr'>Augustinus,</span> <span class='ocrx_word' id='word_1_328' title='bbox 706 3524 841 3578; x_wconf 89' lang='lat' dir='ltr'>cassicum</span> <span class='ocrx_word' id='word_1_329' title='bbox 857 3540 885 3592; x_wconf 91' lang='lat' dir='ltr'>p.</span> <span class='ocrx_word' id='word_1_330' title='bbox 903 3555 936 3564; x_wconf 92' lang='lat'>—</span> <span class='ocrx_word' id='word_1_331' title='bbox 955 3526 1103 3578; x_wconf 90' lang='lat' dir='ltr'>cannatum</span> <span class='ocrx_word' id='word_1_332' title='bbox 1114 3521 1147 3591; x_wconf 88' lang='lat' dir='ltr'>F,</span> <span class='ocrx_word' id='word_1_333' title='bbox 1166 3526 1249 3577; x_wconf 86' lang='lat' dir='ltr'>canat</span> 
     </span>
     <span class='ocr_line' id='line_1_36' title="bbox 98 3606 1247 3678; baseline -0.002 -16"><span class='ocrx_word' id='word_1_334' title='bbox 98 3608 157 3661; x_wconf 86' lang='lat' dir='ltr'>tum</span> <span class='ocrx_word' id='word_1_335' title='bbox 173 3608 270 3677; x_wconf 89' lang='lat' dir='ltr'>vulg,</span> <span class='ocrx_word' id='word_1_336' title='bbox 296 3612 355 3662; x_wconf 88' lang='lat' dir='ltr'>tum</span> <span class='ocrx_word' id='word_1_337' title='bbox 373 3609 445 3663; x_wconf 81' lang='lat' dir='ltr'>delet</span> <span class='ocrx_word' id='word_1_338' title='bbox 461 3608 655 3678; x_wconf 82' lang='lat' dir='ltr'>Victorius,</span> <span class='ocrx_word' id='word_1_339' title='bbox 674 3608 818 3664; x_wconf 79' lang='lat' dir='ltr'>classicum</span> <span class='ocrx_word' id='word_1_340' title='bbox 836 3612 953 3662; x_wconf 87' lang='lat' dir='ltr'>canatur</span> <span class='ocrx_word' id='word_1_341' title='bbox 969 3607 1106 3677; x_wconf 80' lang='lat' dir='ltr'>Madvig</span> <span class='ocrx_word' id='word_1_342' title='bbox 1123 3607 1192 3662; x_wconf 83' lang='lat' dir='ltr'>Adv.</span> <span class='ocrx_word' id='word_1_343' title='bbox 1210 3606 1247 3676; x_wconf 90' lang='lat'>11,</span> 
     </span>
     <span class='ocr_line' id='line_1_37' title="bbox 100 3692 1246 3765; baseline -0.002 -19"><span class='ocrx_word' id='word_1_344' title='bbox 100 3696 158 3746; x_wconf 78' lang='lat'>171.</span> <span class='ocrx_word' id='word_1_345' title='bbox 192 3692 261 3762; x_wconf 83' lang='lat' dir='ltr'>fort.</span> <span class='ocrx_word' id='word_1_346' title='bbox 281 3698 363 3748; x_wconf 86' lang='lat' dir='ltr'>canat</span> <span class='ocrx_word' id='word_1_347' title='bbox 380 3695 566 3763; x_wconf 89' lang='lat' dir='ltr'>incircumque</span> <span class='ocrx_word' id='word_1_348' title='bbox 584 3695 645 3749; x_wconf 84' lang='lat' dir='ltr'>coll.</span> <span class='ocrx_word' id='word_1_349' title='bbox 663 3713 690 3765; x_wconf 93' lang='lat' dir='ltr'>p.</span> <span class='ocrx_word' id='word_1_350' title='bbox 712 3699 752 3761; x_wconf 96' lang='lat'>11,</span> <span class='ocrx_word' id='word_1_351' title='bbox 771 3697 794 3748; x_wconf 88' lang='lat'>8.</span> <span class='ocrx_word' id='word_1_352' title='bbox 817 3723 851 3734; x_wconf 92' lang='lat'>-</span> <span class='ocrx_word' id='word_1_353' title='bbox 875 3698 891 3747; x_wconf 85' lang='grc'>9</span> <span class='ocrx_word' id='word_1_354' title='bbox 908 3698 1010 3758; x_wconf 90' lang='lat' dir='ltr'>muros]</span> <span class='ocrx_word' id='word_1_355' title='bbox 1027 3693 1051 3746; x_wconf 86' lang='lat' dir='ltr'><strong>F</strong></span> <span class='ocrx_word' id='word_1_356' title='bbox 1069 3699 1101 3747; x_wconf 83' lang='lat' dir='ltr'>ut</span> <span class='ocrx_word' id='word_1_357' title='bbox 1118 3692 1209 3746; x_wconf 81' lang='lat' dir='ltr'>littere</span> <span class='ocrx_word' id='word_1_358' title='bbox 1227 3708 1246 3744; x_wconf 92' lang='lat' dir='ltr'>u</span> 
     </span>
     <span class='ocr_line' id='line_1_38' title="bbox 98 3777 1247 3846; baseline 0 -16"><span class='ocrx_word' id='word_1_359' title='bbox 98 3777 179 3831; x_wconf 79' lang='lat' dir='ltr'>etium</span> <span class='ocrx_word' id='word_1_360' title='bbox 197 3777 223 3833; x_wconf 94' lang='lat' dir='ltr'>ei</span> <span class='ocrx_word' id='word_1_361' title='bbox 240 3779 328 3845; x_wconf 82' lang='lat' dir='ltr'>possit</span> <span class='ocrx_word' id='word_1_362' title='bbox 344 3795 402 3834; x_wconf 85' lang='lat' dir='ltr'>esse</span> <span class='ocrx_word' id='word_1_363' title='bbox 419 3779 516 3846; x_wconf 86' lang='lat' dir='ltr'>(Keil);</span> <span class='ocrx_word' id='word_1_364' title='bbox 533 3795 626 3834; x_wconf 91' lang='lat' dir='ltr'>muros</span> <span class='ocrx_word' id='word_1_365' title='bbox 644 3779 758 3834; x_wconf 89' lang='lat' dir='ltr'>ceteri</span> <span class='ocrx_word' id='word_1_366' title='bbox 775 3795 875 3843; x_wconf 79' lang='lat' dir='ltr'>omnes,</span> <span class='ocrx_word' id='word_1_367' title='bbox 892 3794 998 3833; x_wconf 91' lang='lat' dir='ltr'>moeros</span> <span class='ocrx_word' id='word_1_368' title='bbox 1016 3777 1104 3846; x_wconf 86' lang='lat' dir='ltr'>vulg.</span> <span class='ocrx_word' id='word_1_369' title='bbox 1118 3793 1156 3831; x_wconf 69' lang='lat' dir='ltr'>etr</span> <span class='ocrx_word' id='word_1_370' title='bbox 1167 3777 1199 3830; x_wconf 91' lang='lat' dir='ltr'>B.</span> <span class='ocrx_word' id='word_1_371' title='bbox 1211 3805 1247 3816; x_wconf 93' lang='lat'><em>—</em></span> 
     </span>
     <span class='ocr_line' id='line_1_39' title="bbox 101 3862 1244 3934; baseline -0.001 -16"><span class='ocrx_word' id='word_1_372' title='bbox 101 3867 131 3918; x_wconf 81' lang='lat' dir='ltr'>lo</span> <span class='ocrx_word' id='word_1_373' title='bbox 150 3865 247 3933; x_wconf 88' lang='lat' dir='ltr'>quinti]</span> <span class='ocrx_word' id='word_1_374' title='bbox 266 3865 288 3933; x_wconf 80' lang='lat' dir='ltr'><strong>Q</strong></span> <span class='ocrx_word' id='word_1_375' title='bbox 310 3864 340 3920; x_wconf 84' lang='lat' dir='ltr'>G.</span> <span class='ocrx_word' id='word_1_376' title='bbox 358 3894 392 3902; x_wconf 94' lang='lat'>-</span> <span class='ocrx_word' id='word_1_377' title='bbox 411 3863 520 3928; x_wconf 88' lang='lat' dir='ltr'>ostium]</span> <span class='ocrx_word' id='word_1_378' title='bbox 538 3863 737 3934; x_wconf 84' lang='lat' dir='ltr'>Scioppius,</span> <span class='ocrx_word' id='word_1_379' title='bbox 755 3865 876 3920; x_wconf 89' lang='lat' dir='ltr'>hostium</span> <span class='ocrx_word' id='word_1_380' title='bbox 891 3864 990 3933; x_wconf 88' lang='lat' dir='ltr'>libri,</span> <span class='ocrx_word' id='word_1_381' title='bbox 1008 3862 1143 3917; x_wconf 89' lang='lat' dir='ltr'>hosticum</span> <span class='ocrx_word' id='word_1_382' title='bbox 1160 3862 1244 3932; x_wconf 82' lang='lat' dir='ltr'>vulg.</span> 
     </span>
     <span class='ocr_line' id='line_1_40' title="bbox 97 3947 1245 4019; baseline -0.003 -15"><span class='ocrx_word' id='word_1_383' title='bbox 97 3978 131 3987; x_wconf 93' lang='lat'>—</span> <span class='ocrx_word' id='word_1_384' title='bbox 150 3952 232 4004; x_wconf 86' lang='lat' dir='ltr'>canat</span> <span class='ocrx_word' id='word_1_385' title='bbox 249 3953 281 4004; x_wconf 91' lang='lat' dir='ltr'>ut</span> <span class='ocrx_word' id='word_1_386' title='bbox 297 3949 485 4004; x_wconf 86' lang='lat' dir='ltr'>Victorius.</span> <span class='ocrx_word' id='word_1_387' title='bbox 522 3948 597 4018; x_wconf 80' lang='lat' dir='ltr'>conf.</span> <span class='ocrx_word' id='word_1_388' title='bbox 616 3949 752 4019; x_wconf 85' lang='lat' dir='ltr'>Madvig</span> <span class='ocrx_word' id='word_1_389' title='bbox 769 3951 837 4005; x_wconf 83' lang='lat' dir='ltr'>Adv.</span> <span class='ocrx_word' id='word_1_390' title='bbox 856 3950 892 4016; x_wconf 90' lang='lat' dir='ltr'>II,</span> <span class='ocrx_word' id='word_1_391' title='bbox 916 3954 972 4004; x_wconf 75' lang='lat'>171.</span> <span class='ocrx_word' id='word_1_392' title='bbox 1000 3979 1033 3988; x_wconf 96' lang='lat'>-</span> <span class='ocrx_word' id='word_1_393' title='bbox 1062 3952 1090 4000; x_wconf 91' lang='lat'>11</span> <span class='ocrx_word' id='word_1_394' title='bbox 1111 3962 1192 4015; x_wconf 85' lang='lat' dir='ltr'>quom</span> <span class='ocrx_word' id='word_1_395' title='bbox 1209 3947 1245 4001; x_wconf 87' lang='lat' dir='ltr'>IL</span> 
     </span>
     <span class='ocr_line' id='line_1_41' title="bbox 96 4031 1246 4105; baseline -0.003 -16"><span class='ocrx_word' id='word_1_396' title='bbox 96 4062 132 4073; x_wconf 93' lang='lat'><em>—</em></span> <span class='ocrx_word' id='word_1_397' title='bbox 148 4034 266 4105; x_wconf 81' lang='lat' dir='ltr'>prImum</span> <span class='ocrx_word' id='word_1_398' title='bbox 283 4051 310 4104; x_wconf 95' lang='lat' dir='ltr'>p.</span> <span class='ocrx_word' id='word_1_399' title='bbox 329 4066 363 4075; x_wconf 93' lang='lat'>—</span> <span class='ocrx_word' id='word_1_400' title='bbox 381 4033 479 4099; x_wconf 86' lang='lat' dir='ltr'>adeiet]</span> <span class='ocrx_word' id='word_1_401' title='bbox 497 4034 570 4089; x_wconf 87' lang='lat' dir='ltr'>adsit</span> <span class='ocrx_word' id='word_1_402' title='bbox 587 4035 666 4099; x_wconf 82' lang='lat' dir='ltr'>(assIt</span> <span class='ocrx_word' id='word_1_403' title='bbox 682 4039 709 4102; x_wconf 78' lang='lat' dir='ltr'>a)</span> <span class='ocrx_word' id='word_1_404' title='bbox 727 4040 755 4092; x_wconf 90' lang='lat' dir='ltr'>et</span> <span class='ocrx_word' id='word_1_405' title='bbox 772 4036 872 4102; x_wconf 91' lang='lat' dir='ltr'>libri,</span> <span class='ocrx_word' id='word_1_406' title='bbox 899 4050 970 4089; x_wconf 78' lang='lat' dir='ltr'>corr.</span> <span class='ocrx_word' id='word_1_407' title='bbox 990 4031 1184 4103; x_wconf 86' lang='lat' dir='ltr'>Scioppius.</span> <span class='ocrx_word' id='word_1_408' title='bbox 1211 4062 1246 4072; x_wconf 90' lang='lat'><em>-</em></span> 
     </span>
     <span class='ocr_line' id='line_1_42' title="bbox 99 4117 1244 4188; baseline -0.002 -15"><span class='ocrx_word' id='word_1_409' title='bbox 99 4121 131 4173; x_wconf 80' lang='lat'>12</span> <span class='ocrx_word' id='word_1_410' title='bbox 149 4136 230 4188; x_wconf 87' lang='lat' dir='ltr'>quom</span> <span class='ocrx_word' id='word_1_411' title='bbox 247 4125 321 4186; x_wconf 80' lang='lat' dir='ltr'>(unte</span> <span class='ocrx_word' id='word_1_412' title='bbox 339 4119 451 4184; x_wconf 88' lang='lat' dir='ltr'>circum)</span> <span class='ocrx_word' id='word_1_413' title='bbox 469 4118 504 4172; x_wconf 92' lang='lat' dir='ltr'>H.</span> <span class='ocrx_word' id='word_1_414' title='bbox 529 4149 561 4159; x_wconf 95' lang='lat'><em>-</em></span> <span class='ocrx_word' id='word_1_415' title='bbox 588 4120 690 4185; x_wconf 91' lang='lat' dir='ltr'>contio]</span> <span class='ocrx_word' id='word_1_416' title='bbox 708 4122 790 4177; x_wconf 89' lang='lat' dir='ltr'>tertio</span> <span class='ocrx_word' id='word_1_417' title='bbox 809 4122 842 4176; x_wconf 85' lang='lat' dir='ltr'>G.</span> <span class='ocrx_word' id='word_1_418' title='bbox 869 4150 902 4160; x_wconf 92' lang='grc'><strong>-</strong></span> <span class='ocrx_word' id='word_1_419' title='bbox 931 4123 962 4174; x_wconf 85' lang='grc'>13</span> <span class='ocrx_word' id='word_1_420' title='bbox 980 4119 1032 4185; x_wconf 90' lang='lat' dir='ltr'>his]</span> <span class='ocrx_word' id='word_1_421' title='bbox 1051 4118 1086 4172; x_wconf 88' lang='lat' dir='ltr'>iis</span> <span class='ocrx_word' id='word_1_422' title='bbox 1104 4117 1244 4173; x_wconf 89' lang='lat' dir='ltr'>Laetus.</span> 
     </span>
     <span class='ocr_line' id='line_1_43' title="bbox 94 4203 1245 4275; baseline -0.001 -16"><span class='ocrx_word' id='word_1_423' title='bbox 94 4203 164 4274; x_wconf 82' lang='lat' dir='ltr'>sort.</span> <span class='ocrx_word' id='word_1_424' title='bbox 180 4204 205 4260; x_wconf 88' lang='lat' dir='ltr'>is</span> <span class='ocrx_word' id='word_1_425' title='bbox 221 4206 302 4262; x_wconf 76' lang='lat' dir='ltr'>scrr&#39;b.</span> <span class='ocrx_word' id='word_1_426' title='bbox 320 4222 379 4261; x_wconf 80' lang='lat' dir='ltr'>esse</span> <span class='ocrx_word' id='word_1_427' title='bbox 395 4204 462 4258; x_wconf 82' lang='lat' dir='ltr'>dicit</span> <span class='ocrx_word' id='word_1_428' title='bbox 479 4205 591 4260; x_wconf 86' lang='lat' dir='ltr'>Groth</span> <span class='ocrx_word' id='word_1_429' title='bbox 608 4210 636 4259; x_wconf 84' lang='lat' dir='ltr'>et</span> <span class='ocrx_word' id='word_1_430' title='bbox 652 4206 763 4275; x_wconf 79' lang='lat' dir='ltr'>confert</span> <span class='ocrx_word' id='word_1_431' title='bbox 780 4204 905 4260; x_wconf 88' lang='lat' dir='ltr'>Muller</span> <span class='ocrx_word' id='word_1_432' title='bbox 923 4203 993 4259; x_wconf 84' lang='lat' dir='ltr'>adV</span> <span class='ocrx_word' id='word_1_433' title='bbox 1005 4205 1022 4272; x_wconf 68' lang='grc' dir='ltr'><strong>ξ</strong></span> <span class='ocrx_word' id='word_1_434' title='bbox 1036 4207 1066 4259; x_wconf 85' lang='grc'>13</span> <span class='ocrx_word' id='word_1_435' title='bbox 1084 4208 1111 4257; x_wconf 76' lang='lat' dir='ltr'>er</span> <span class='ocrx_word' id='word_1_436' title='bbox 1128 4203 1245 4259; x_wconf 81' lang='lat' dir='ltr'>GhrIst</span> 
     </span>
     <span class='ocr_line' id='line_1_44' title="bbox 95 4287 1245 4362; baseline 0.003 -19"><span class='ocrx_word' id='word_1_437' title='bbox 95 4288 194 4344; x_wconf 91' lang='lat' dir='ltr'>Philol.</span> <span class='ocrx_word' id='word_1_438' title='bbox 213 4290 292 4346; x_wconf 87' lang='lat' dir='ltr'><strong>XVII</strong></span> <span class='ocrx_word' id='word_1_439' title='bbox 308 4309 336 4362; x_wconf 93' lang='lat' dir='ltr'>p.</span> <span class='ocrx_word' id='word_1_440' title='bbox 356 4296 388 4345; x_wconf 83' lang='lat'>60</span> <span class='ocrx_word' id='word_1_441' title='bbox 407 4306 446 4359; x_wconf 88' lang='lat' dir='ltr'>sq.</span> <span class='ocrx_word' id='word_1_442' title='bbox 474 4321 508 4331; x_wconf 90' lang='lat'>-</span> <span class='ocrx_word' id='word_1_443' title='bbox 533 4290 591 4344; x_wconf 90' lang='lat' dir='ltr'>illic</span> <span class='ocrx_word' id='word_1_444' title='bbox 607 4290 683 4355; x_wconf 85' lang='lat' dir='ltr'>item]</span> <span class='ocrx_word' id='word_1_445' title='bbox 710 4290 825 4362; x_wconf 62' lang='lat' dir='ltr'>scripsr‘,</span> <span class='ocrx_word' id='word_1_446' title='bbox 850 4287 976 4344; x_wconf 87' lang='lat' dir='ltr'>illicitum</span> <span class='ocrx_word' id='word_1_447' title='bbox 1002 4288 1025 4343; x_wconf 85' lang='lat' dir='ltr'><strong>F</strong></span> <span class='ocrx_word' id='word_1_448' title='bbox 1051 4289 1101 4344; x_wconf 79' lang='lat' dir='ltr'>sed</span> <span class='ocrx_word' id='word_1_449' title='bbox 1125 4288 1245 4347; x_wconf 76' lang='lat' dir='ltr'>deleret</span> 
     </span>
    </p>
   </div>
   <div class='ocr_carea' id='block_1_7' title="bbox 0 0 1524 5048">
    <p class='ocr_par' dir='ltr' id='par_1_7' title="bbox 0 0 1524 5048">
     <span class='ocr_line' id='line_1_45' title="bbox 0 0 1524 5048; baseline 0 4"><span class='ocrx_word' id='word_1_450' title='bbox 0 0 1524 5048; x_wconf 95' lang='lat' dir='ltr'> </span> 
     </span>
    </p>
   </div>
  </div>
 </body>
</html>
