3060 5048
451 307 566 362 LIBER
581 306 712 365 NONUS.
747 309 893 376 §us-32.
1183 304 1244 364 203

101 479 218 546 bovem
240 478 375 546 collatus
397 478 512 546 similis
534 487 567 548 et
594 481 650 562 qui
677 501 718 548 ex
744 478 795 546 his
824 484 1075 564 progenerantur
1102 477 1184 542 inter
1210 495 1246 543 se

99 580 215 647 vituli?
239 579 336 648 etiam
358 581 413 646 ubi
436 580 598 647 dissimilis
621 581 741 664 foetus,
764 586 799 647 ut
822 600 863 647 ex
887 576 986 666 [cono
1008 577 1050 666 et]
1074 598 1156 661 equa
1177 599 1245 644 mu-

100 682 166 766 lus,
199 689 305 749 tamen
328 681 374 748 ibi
396 683 561 768 analogia,
592 681 679 765 quod
701 703 742 750 ex
771 700 971 763 quocumque
994 681 1084 748 asino
1108 686 1140 747 et
1162 699 1247 763 equa

100 784 240 851 nascitur
276 783 310 849 id
346 789 396 852 est
432 786 535 851 mulus
572 789 628 850 aut
663 784 768 869 mula,
811 790 846 849 ut
882 803 923 850 ex
961 802 1044 866 equo
1082 788 1114 849 et
1153 781 1246 848 asino

62 885 250 953 ohinnulei.

183 991 234 1055 23.
271 987 343 1054 Non
372 987 419 1054 sio
452 1008 493 1055 ex
521 986 590 1054 viro
620 994 652 1054 et
680 987 811 1055 muliere
844 986 946 1053 omnis
977 984 1091 1052 similis
1122 991 1242 1070 partus,
1264 988 1283 1067 ξ
1306 989 1347 1051 29

100 1090 186 1176 quod
207 1091 297 1175 pueri
321 1095 353 1157 et
374 1089 526 1174 puellae?
558 1109 621 1156 non
651 1090 762 1155 horum
791 1089 836 1154 ito
863 1088 947 1155 inter
974 1107 1009 1155 se
1032 1090 1115 1167 [non]
1138 1085 1245 1155 omnio

99 1191 218 1259 similia
247 1192 407 1272 membra,
441 1197 475 1256 ut
504 1191 677 1277 seperatim
698 1191 733 1256 in
754 1211 812 1257 suo
835 1197 969 1274 utroque
990 1208 1107 1273 genere
1134 1187 1244 1255 simili-

100 1293 208 1361 tudino
230 1293 294 1360 sint
316 1314 356 1360 ea
377 1292 491 1377 paria?
531 1312 595 1359 nou
617 1313 727 1360 omnes
749 1313 820 1359 oum
843 1292 907 1358 sint
929 1311 970 1358 ex
991 1291 1099 1357 anima
1122 1296 1154 1356 et
1177 1304 1396 1359 cor-(nutem)

48 1405 77 1457 1ο
98 1417 192 1482 pore,
224 1400 333 1481 partes
362 1414 488 1477 quoque
517 1395 630 1462 horum
654 1396 856 1480 proportione
880 1393 1025 1460 similes?
1059 1391 1144 1471 Quid
1167 1410 1242 1473 ergo
1265 1394 1285 1472 S
1308 1397 1349 1458 30

99 1519 170 1566 cum
193 1518 303 1564 omnes
325 1497 451 1563 animae
473 1495 635 1564 hominum
661 1497 724 1564 sint
752 1496 876 1563 divisae
903 1495 936 1560 iu
967 1500 1098 1562 octonas
1126 1501 1245 1579 partes,

100 1621 158 1668 eae
179 1600 262 1667 inter
282 1619 318 1667 se
338 1619 403 1664 non
424 1599 628 1683 proportione
656 1594 803 1666 similes?
837 1598 976 1681 quinque
1006 1596 1121 1679 quibus
1148 1597 1244 1664 senti-

99 1721 178 1787 mus,
200 1707 293 1769 sexta
308 1720 371 1784 que
385 1699 572 1784 cogitamus,
594 1704 740 1783 septumo
762 1719 827 1782 qua
847 1719 1107 1786 progeneramus,
1130 1704 1246 1765 octova

99 1823 163 1886 quo
194 1823 290 1871 voces
323 1801 498 1868 mittimus?
535 1800 634 1882 Igitur
669 1801 820 1883 quoniam
857 1821 939 1884 quae
977 1801 1137 1885 loquimur
1166 1819 1246 1867 vooe

47 1917 76 1969 15
100 1906 200 1973 oratio
224 1911 282 1987 est,
304 1902 388 1969 hano
411 1921 537 1986 quoque
558 1921 689 1969 necesse
712 1909 761 1969 est
782 1910 895 1969 natura
918 1903 1038 1970 habere
1060 1900 1244 1985 analogiam

97 2007 207 2091 itaque
228 2006 335 2071 habet.

184 2112 234 2172 24.
272 2108 323 2173 Αιι
351 2125 416 2172 non
440 2104 549 2190 vides,
581 2112 616 2182 ut
646 2105 761 2172 Graeci
788 2103 930 2171 habeant
960 2125 1031 2170 eum
1059 2103 1243 2188 quadriper-
1266 2109 1286 2188 ξ
1310 2108 1347 2171 31

99 2211 206 2294 titem,
244 2228 339 2274 onom
367 2210 401 2273 in
430 2226 494 2289 que
522 2214 596 2274 sunt
624 2226 734 2290 casus,
770 2206 905 2272 alterum
936 2205 969 2270 in
998 2224 1063 2287 qna
1091 2212 1246 2289 tempora,

100 2310 227 2377 tertiam
249 2311 282 2375 in
306 2328 369 2391 qua
390 2315 554 2392 neutrum,
589 2308 789 2391 quantumin
813 2327 876 2390 qua
897 2313 1081 2390 utrumque,
1116 2307 1163 2372 sio
1188 2325 1246 2372 nos

49 2427 79 2479 no
100 2411 242 2480 habere?
264 2411 379 2493 ecquid
393 2411 494 2479 verba
509 2410 614 2479 nescis
636 2418 672 2478 ut
692 2409 778 2496 opud
800 2409 873 2477 illos
896 2409 959 2476 sint
980 2410 1046 2475 alia
1060 2407 1158 2491 linita,
1181 2407 1401 2477 alisoornu

99 2535 173 2598 non,
195 2513 241 2580 sio
257 2520 388 2600 utraque
403 2533 475 2581 esse
489 2510 577 2598 apud
592 2511 672 2578 nos?
696 2510 845 2595 equidem
859 2531 923 2579 non
938 2510 1058 2595 dubito,
1081 2510 1158 2594 quin
1180 2509 1247 2577 ani·
1270 2512 1289 2590 ξ
1313 2513 1354 2578 32

185 2716 296 2772 2ι11ιι11
318 2715 387 2786 sort.
406 2715 440 2771 ab
462 2716 611 2787 interprete
633 2714 764 2771 additum.
791 2745 825 2756 -
851 2714 924 2785 fetus
941 2714 974 2770 F.
1001 2744 1035 2755 -
1062 2730 1096 2768 ex
1117 2712 1195 2768 asino
1220 2717 1250 2769 ot

101 2807 180 2870 equo]
198 2801 269 2871 usp,
287 2817 322 2856 ex
338 2816 409 2870 equo
425 2799 458 2868 F,
477 2816 511 2855 ex
528 2815 600 2869 eque
617 2803 645 2855 et
663 2800 740 2854 asino
758 2799 843 2868 vulg.
862 2815 900 2854 ex
917 2800 948 2854 B.
975 2829 1011 2838 -
1037 2802 1052 2853 3
1072 2804 1150 2867 equo]
1168 2795 1246 2869 ‘sort

101 2902 172 2956 equa
188 2881 271 2955 quod'
291 2885 364 2955 LSp.
381 2916 416 2924 -
433 2889 451 2939 4
467 2884 497 2939 id
513 2889 565 2950 est]
582 2884 656 2940 idem
667 2884 725 2953 Vp.
743 2884 833 2939 mulus
851 2887 962 2940 tomen.
978 2882 1027 2937 .id
1044 2885 1086 2938 est
1105 2898 1157 2937 om.
1177 2881 1248 2938 GH.

100 3002 134 3014 „.
159 2975 173 3024 5
192 2971 298 3025 hinnuli
315 2972 454 3026 Laetus.
476 2999 510 3010 -
537 2974 551 3022 l
569 2966 648 3039 ‘fort
665 2969 746 3039 pueri
763 2972 811 3024 aut
828 2964 946 3039 puellae'
967 2969 1038 3038 LSp.
1057 2967 1097 3038 cf.
1115 2966 1249 3023 Loohm.

101 3057 137 3112 ud
153 3056 264 3112 Lucret.
282 3072 310 3126 p.
332 3061 390 3122 156,
417 3055 479 3123 LSp
497 3055 587 3110 Ueber
606 3055 632 3109 d.
652 3053 744 3107 Kritik
760 3070 787 3124 p.
807 3058 841 3108 44
853 3069 891 3123 sq.
919 3083 954 3092 -
979 3068 1036 3108 non
1052 3069 1105 3109 om.
1124 3051 1250 3122 Sciop-

100 3142 187 3210 pius.
216 3171 248 3180 -
275 3144 290 3194 8
310 3140 486 3194 similitudine
504 3139 560 3194 sint
576 3154 610 3193 eo
626 3139 715 3208 pario]
740 3138 932 3195 similitudines
949 3138 1024 3194 intro.
1040 3139 1120 3210 peris
1137 3137 1171 3206 F,
1193 3137 1248 3193 duo

99 3225 196 3296 priora
220 3224 312 3280 vocab.
336 3240 406 3279 corr.
429 3223 569 3292 Mulier,
596 3223 749 3293 posteriora
771 3223 906 3278 Lachm.
931 3225 966 3279 ud
989 3224 1072 3280 Lucr.
1098 3241 1127 3294 p.
1146 3229 1188 3279 95.
1216 3255 1250 3264 -

101 3315 116 3365 9
136 3311 192 3365 or‘un
211 3308 243 3363 F.
262 3336 295 3348 -
314 3312 345 3362 111
364 3313 479 3378 quoque]
497 3307 549 3378 lldp
568 3308 714 3376 Luctus,
732 3323 839 3377 quoque
856 3307 1018 3365 FGHVu.
1037 3340 1070 3348 —
1090 3314 1119 3363 11
1141 3316 1199 3364 oms
1216 3307 1250 3362 F.

100 3441 135 3450 —
153 3414 217 3465 sunt
233 3409 266 3478 F,
284 3424 355 3464 corr.
373 3408 512 3466 Laetus.
532 3439 565 3450 -
590 3414 621 3464 12
639 3415 698 3476 oue]
721 3379 755 3486 Sp
774 3410 808 3479 F,
825 3412 878 3465 hue
896 3411 929 3465 G.
949 3415 1062 3476 -non]
1080 3427 1100 3465 n
1117 3409 1140 3462 F
1159 3408 1250 3476 tKeilt.

100 3525 135 3535 -
162 3493 261 3549 similes
294 3509 366 3548 corr.
393 3512 431 3550 coc
461 3494 555 3550 similis
581 3494 605 3549 F
635 3494 724 3561 (Keil).
755 3525 789 3536 -
820 3498 853 3550 14
873 3488 953 3565 ‘fort
981 3490 1087 3551 vooom'
1116 3495 1187 3563 LSp.
1217 3523 1251 3532 -

102 3583 181 3649 quoe]
205 3578 335 3646 Christ,
363 3596 417 3649 quo
434 3580 466 3635 F.
494 3611 528 3621 -
557 3585 587 3635 15
607 3581 693 3637 orotio
711 3582 761 3645 est]
786 3579 861 3649 LSp,
888 3580 1038 3636 orationem
1056 3580 1088 3634 F.
1115 3580 1169 3633 uisi
1192 3577 1250 3648 fuit

101 3680 156 3732 quo
187 3663 323 3732 loquimur
353 3680 482 3721 vocemus
509 3665 668 3721 orationem.
697 3695 732 3704 —
763 3670 793 3719 11
817 3665 920 3720 habent
949 3665 1046 3735 HVp.
1076 3695 1110 3704 —
1139 3662 1250 3732 quadri·

100 3748 238 3819 pertitam]
255 3748 483 3818 quadnplicetom
499 3751 571 3818 ΜΒ,
589 3750 730 3806 Laetus.
750 3781 782 3790 —
803 3753 833 3804 18
853 3751 926 3817 sunt]
945 3748 1018 3819 LSp,
1036 3749 1072 3804 sit
1088 3748 1121 3815 F,
1140 3747 1195 3802 sint
1212 3746 1250 3800 M.

102 3865 135 3874 -
153 3838 185 3889 20
200 3834 307 3903 ecquid]
330 3835 534 3904 Scioppius,
561 3839 588 3890 et
610 3835 676 3904 quid
694 3835 725 3904 F,
749 3834 841 3904 etqui
859 3851 885 3889 ιι.
913 3865 946 3874 -
973 3837 1036 3888 sunt
1054 3831 1251 3902 Scioppius.

101 3949 135 3958 -
154 3923 185 3974 21
204 3923 267 3982 ιιοιι]
290 3933 325 3974 ne
342 3919 376 3988 F,
399 3937 471 3975 corr.
490 3922 573 3990 vulg.
593 3937 631 3976 ecc
648 3922 680 3976 B.
708 3950 741 3961 —
767 3920 807 3975 sio
825 3936 876 3975 om.
894 3936 920 3989 p.
948 3947 981 3958 -
1008 3915 1252 3987 utroqu01uulg,

102 4007 165 4059 utro
190 4003 223 4058 F.
246 3997 295 4057 ‘an
321 3998 437 4059 uerbo‘l'
468 4004 540 4074 LSp.
568 4005 608 4077 cf.
633 4006 765 4062 Luohm.
793 4006 830 4060 od
853 4005 965 4060 Lucret.
994 4019 1020 4072 p.
1040 4006 1098 4057 314.
1127 4031 1160 4040 -
1186 3999 1252 4070 quin

101 4087 334 4153 ammadverterisl
363 4088 555 4159 Scioppius,
587 4091 635 4160 qui
661 4090 882 4146 animaduertunt
908 4089 947 4157 F,
978 4089 1026 4158 qui
1054 4086 1252 4144 animadverto·

100 4176 167 4228 runt
191 4173 277 4243 vulg.
305 4189 343 4228 erc
371 4175 401 4229 B.
433 4175 497 4243 quin
527 4175 573 4244 qui
598 4175 839 4232 animadverterint
864 4173 1004 4230 inueniunt
1028 4169 1254 4227 innumerabilem

101 4257 241 4327 Madvig
262 4276 290 4327 p.
311 4263 368 4314 rus.
