3038 5048
471 320 584 377 LIBER
601 319 773 376 DECIMUS.
810 322 955 388 §lo-⁸12.
1226 322 1287 381 259

142 495 239 562 etiam
259 492 404 580 plerique
426 493 508 561 haec
529 492 632 577 primo
654 509 764 560 omnes
787 491 841 575 qui
862 492 967 560 soluta
989 493 1130 559 oratione
1153 493 1286 576 loquun-

143 603 193 664 tur
208 594 357 664 dicebant
372 601 407 662 ut
422 595 632 675 Quaestorem
648 594 833 661 Praetorem
855 592 902 661 sic
917 593 1086 661 Hectorem
1101 593 1285 680 Nestorem

140 697 251 778 itaque
272 695 393 763 Ennius
415 695 475 762 ait:

268 804 454 873 Hectoris
475 811 610 872 natum
631 802 679 868 de
700 803 878 872 Troiano
901 824 1009 872 muro
1032 804 1190 872 iactari.

107 957 122 1006 e
144 931 260 1000 Accius
285 931 366 999 haec
387 932 420 998 in
442 929 615 1014 tragoediis
644 931 766 1014 largius
787 950 808 999 a
828 929 935 1015 prisca
964 931 1193 999 consuetudine
1220 951 1285 997 mo-

142 1054 219 1101 vere
241 1034 346 1116 coepit
368 1039 401 1099 et
422 1032 465 1098 ad
487 1034 607 1099 formas
632 1051 765 1116 graecas
793 1031 962 1099 verborum
993 1033 1096 1116 magis
1125 1052 1286 1115 revocare,

141 1131 193 1220 [et]
218 1154 239 1201 a
260 1152 322 1216 quo
344 1134 491 1201 Valerius
513 1135 574 1200 ait:

184 1259 328 1329 Accius
349 1260 561 1328 Hectorem
583 1259 715 1357 ssQt
735 1262 886 1345 facere,
909 1260 1085 1329 Hectora
1107 1260 1258 1353 mallet.

141 1386 235 1466 Quod
256 1385 439 1454 adventicia
466 1385 621 1471 pleraque
648 1386 804 1454 habemus
835 1403 968 1470 graeca,
1003 1391 1147 1453 secutum
1178 1392 1214 1454 ut
1244 1386 1287 1453 de

90 1509 119 1562 10
143 1488 251 1555 nothis
282 1486 490 1570 graecanicae
523 1507 649 1572 quoque
681 1486 862 1554 nominatus
894 1487 1048 1572 plurimos
1085 1485 1283 1555 haberemus.
1306 1509 1328 1588 ς
1351 1514 1384 1572 ῃ

140 1590 254 1674 Itaque
274 1593 310 1656 ut
330 1586 384 1656 hic
405 1587 471 1655 alia
492 1607 624 1672 graeca,
653 1587 720 1655 alia
746 1589 952 1672 graecanica,
979 1589 1026 1655 sic
1047 1587 1229 1671 analogiae,
1267 1608 1435 1675 emm,

143 1690 214 1774 quis
237 1708 321 1774 quae
341 1688 395 1755 hic
424 1689 543 1757 nothae
568 1687 648 1756 fiunt
675 1687 920 1768 declinationes,
954 1689 995 1758 de
1022 1689 1074 1757 his
1099 1689 1184 1757 aliae
1213 1695 1287 1757 sunt

140 1791 266 1876 priscae
295 1796 330 1857 ut
358 1789 533 1857 Bacchides
562 1798 594 1858 et
624 1790 812 1878 Chrysidas,
841 1792 926 1858 aliae
954 1791 1097 1859 iuniores
1125 1795 1160 1858 ut
1185 1791 1286 1875 Chry·
1331 1856 1332 1860 ,

140 1890 227 1958 sides
249 1896 282 1958 et
303 1890 488 1976 Bacchides,
509 1890 595 1958 aliae
619 1898 762 1959 recentes
782 1899 818 1958 ιιι
840 1891 1015 1977 Chrysidas
1037 1892 1286 1976 et.Bacchidas;

87 2020 116 2073 15
140 2013 213 2062 cum
234 1991 286 2061 his
307 1992 455 2060 omnibus
476 1992 578 2059 tribus
598 1996 728 2060 utantur
753 1993 870 2078 nostri,
898 1994 1039 2060 maxime
1067 1993 1123 2079 qui
1151 2012 1285 2077 sequon-

139 2099 191 2162 tur
226 2093 335 2162 media
370 2091 404 2161 in
440 2092 600 2178 loquendo
638 2091 802 2163 offendunt
837 2092 1020 2178 minimum,
1061 2092 1148 2175 quod
1182 2093 1287 2178 prima

141 2214 255 2281 parurn
276 2194 396 2262 similia
418 2193 566 2262 ridentur
588 2210 659 2260 esse
681 2193 821 2279 graecis,
843 2194 929 2265 unde
951 2196 1016 2264 sint
1037 2194 1170 2276 tralata,
1193 2194 1288 2262 tertia

139 2317 251 2380 parum
273 2295 393 2363 similia
413 2295 539 2363 nostris.
1308 2314 1327 2395 g
1350 2318 1389 2378 72

225 2404 255 2464 4.
292 2396 403 2466 Omnis
436 2394 607 2481 analogiae
638 2394 877 2464 fundamentum
909 2395 1084 2464 similitudo
1116 2394 1285 2478 quaedam,

226 2655 238 2705 1
257 2649 381 2720 plerique
404 2648 482 2704 haec.
517 2646 609 2704 Primo
634 2650 692 2705 offis
715 2647 754 2716 F,
779 2648 903 2718 plerique
926 2663 960 2704 ac
982 2648 1070 2718 primo
1095 2662 1187 2703 omnes
1209 2647 1286 2703 Ste-

138 2735 286 2803 phanus.
322 2733 404 2789 cerba
426 2732 497 2788 haec
518 2733 606 2802 primo
628 2737 693 2789 cata
714 2733 843 2788 dicebant
864 2732 946 2804 ponit
966 2733 1175 2800 Lachmann,
1200 2737 1232 2786 ut
1252 2731 1287 2788 ch

139 2817 216 2873 Haec
242 2833 314 2872 acra
338 2817 474 2872 scatentia
499 2816 630 2888 inehela,-
653 2817 758 2889 probat
781 2817 853 2888 LSp.
880 2833 932 2888 apo
957 2816 1026 2872 hacc
1053 2817 1117 2886 fera
1142 2821 1288 2887 exspecto.-

139 2901 317 2957 vernacnlnm
342 2905 385 2959 eat
408 2904 440 2958 ιιι
463 2901 556 2957 Sutori
579 2900 681 2957 Pistori
705 2901 820 2956 Hectori
841 2900 969 2970 Nestori,
996 2899 1180 2958 adventicium
1197 2903 1239 2955 est
1256 2901 1288 2955 ιιι

131 2975 260 3055 Ἕκτορα
278 2983 414 3056 Νέστορα
431 2986 553 3062 Hectora
569 2984 690 3040 Nestora
703 3025 709 3039 .
724 3024 730 3039 .
743 2985 830 3040 Peles.
866 2985 909 3040 De
927 2985 972 3042 his
988 2986 1077 3055 primo
1093 3000 1193 3054 genere
1208 2983 1288 3039 multi

138 3071 255 3125 utuntur
271 3084 327 3125 non
344 3070 426 3126 modo
437 3074 537 3140 poetae
548 3069 597 3124 sed
609 3069 691 3124 etiam
702 3069 826 3139 plerique
842 3085 935 3125 omnes
947 3070 1002 3140 qui.
1021 3100 1055 3109 —
1073 3070 1197 3126 oratione
1214 3085 1286 3124 corr.

138 3152 312 3209 exarationi
334 3153 366 3209 F.
394 3183 428 3195 -
455 3158 643 3224 2questorem
660 3154 693 3208 F.
720 3185 753 3194 -
779 3154 921 3211 ltroiano
939 3153 992 3209 dcl.
1014 3153 1190 3223 Scaliger,
1217 3153 1288 3208 Mem

137 3237 276 3293 iactarier.
295 3237 372 3307 corf.
390 3237 472 3293 Ribh.
491 3241 561 3309 trag.
580 3240 614 3295 fr.
633 3241 705 3295 Enn.
724 3243 767 3307 93,
786 3239 837 3310 qui
852 3255 913 3295 cum
930 3238 1074 3309 Soalr’qero
1091 3237 1164 3293 hunc
1180 3253 1286 3292 vasum

139 3322 189 3378 alii
203 3323 364 3394 frapmcato
377 3322 444 3390 (Cic.
458 3323 540 3378 Tuec.
553 3326 580 3379 d.
593 3325 615 3392 Ι,
627 3329 670 3392 44,
685 3329 743 3391 105)
761 3324 888 3379 adnectit.
906 3353 940 3362 —
959 3329 974 3378 5
986 3324 1064 3388 haec]
1082 3323 1136 3378 hoc
1148 3321 1286 3376 Laetus.

139 3411 154 3460 6
173 3407 247 3476 cepit
264 3407 296 3461 F.
322 3437 356 3447 -
384 3407 456 3476 let]
480 3407 533 3462 dal.
555 3408 692 3465 Mulier.
718 3405 797 3481 ‘fort
820 3423 839 3465 a
860 3423 913 3478 quo
937 3406 975 3463 et'
1001 3406 1072 3476 LSp.
1098 3435 1133 3444 —
1160 3403 1286 3460 saccina

138 3507 211 3547 corr.
230 3507 269 3548 cx
286 3491 394 3548 accium
410 3490 444 3548 F.
464 3521 496 3532 -
513 3494 590 3548 nolet
609 3531 616 3546 .
636 3532 642 3547 .
660 3494 744 3550 malet
761 3494 796 3549 H.
814 3523 848 3535 -
873 3497 904 3547 10
922 3491 1081 3561 mecanicae
1098 3490 1131 3545 F.
1149 3520 1183 3529 -
1199 3489 1285 3544 norni-

138 3579 231 3641 natus]
249 3576 284 3644 V,
300 3575 456 3632 nominatos
473 3574 506 3630 F.
524 3605 558 3616 —
575 3576 716 3647 plurimos]
735 3594 766 3646 a,
788 3577 922 3649 plurimus
938 3575 1047 3644 FGH,
1068 3574 1215 3645 plurimum
1232 3573 1284 3644 up

138 3659 281 3715 Laetus.
305 3688 339 3699 —
364 3662 393 3714 11
413 3661 560 3726 grecenica
577 3660 609 3714 F.
633 3690 662 3700 -
694 3664 725 3715 12
742 3664 825 3717 notae
841 3661 874 3716 F.
891 3690 925 3701 -
945 3664 977 3716 13
995 3659 1126 3716 bachides
1143 3662 1172 3714 et
1189 3657 1285 3714 chrisi·

138 3745 186 3799 des
204 3743 227 3797 F
248 3737 329 3813 ‘fort
348 3742 516 3798 Bacchidem
533 3747 561 3798 et
579 3737 750 3813 Chrysidem’
767 3745 839 3814 LSp.
864 3745 935 3814 fort.
952 3744 1127 3800 inemendate
1147 3744 1285 3799 nominum

138 3827 216 3884 crdo.
234 3857 266 3867 -
284 3826 417 3890 iuniores]
435 3827 553 3882 minores
572 3827 604 3894 F,
622 3844 694 3883 corr.
715 3828 912 3900 Scioppius.
937 3857 971 3869 -
995 3829 1127 3885 chrisidee
1145 3831 1173 3883 et
1190 3826 1285 3883 bachi·

137 3914 185 3968 des
203 3911 235 3967 F.
256 3907 336 3980 ‘fort
360 3910 485 3982 Chrysim
501 3915 530 3966 et
547 3909 689 3968 Bacchim’
714 3913 787 3983 LSp.
811 3912 945 3968 vocalium
967 3919 1047 3968 aotcs
1067 3913 1154 3984 posui
1174 3917 1286 3966 auctore

138 3995 292 4054 Christio
316 3995 367 4065 qui
386 4001 460 4050 recte
482 3997 599 4051 contulit
616 3996 721 4053 Charis.
743 4013 770 4066 p.
791 4002 851 4065 148,
867 4001 900 4052 38
917 3995 952 4064 Κ,
975 3995 1100 4051 Diomed.
1117 4013 1145 4066 p.
1165 4001 1224 4066 305,
1243 3999 1284 4051 1³.

136 4111 171 4123 -
198 4085 230 4137 14
246 4082 380 4143 recentes]
399 4083 524 4148 regentes
542 4079 575 4148 F,
601 4097 672 4136 corr.
696 4082 817 4138 Aldus.
841 4111 875 4122 -
899 4079 1033 4136 chrisidae
1057 4084 1085 4135 et
1102 4079 1234 4136 bachidaa
1251 4079 1284 4134 F.

132 4159 212 4236 ‘fort
240 4165 374 4235 (lhrycida
399 4168 428 4220 et
454 4158 608 4220 Bacchida’
634 4165 705 4234 usp.
733 4196 765 4205 -
795 4170 825 4220 15
847 4180 973 4220 maxume
997 4162 1066 4219 GH.
1093 4194 1127 4204 —
1155 4169 1186 4218 11
1205 4158 1284 4234 ‘sort

135 4244 210 4304 snnt‘
229 4249 302 4318 LSp.

1029 4336 1081 4389 17*
