3038 5048
502 277 539 331 lle
555 277 645 346 Pomp.
663 277 734 329 Laeti
752 276 863 330 editione
880 276 1002 343 principe.
1291 288 1331 327 xv

181 463 312 532 quattuor
332 453 453 511 versibus
475 453 525 510 sibi
546 451 653 527 explere
673 452 745 508 visus
766 462 820 509 est:
848 448 1020 526 Temporum
1039 449 1180 509 vocabula
1195 453 1221 502 et
1236 460 1332 501 eorum

182 556 254 616 puae
276 541 427 596 coniuncta
446 545 512 594 sunt
540 544 591 594 aut
617 538 648 593 in
677 539 785 609 agendo
814 538 886 611 fiunt
914 545 963 594 out
991 554 1052 593 cum
1082 545 1203 607 tempore
1232 531 1330 602 atiquo

181 627 366 684 enuntiantur
392 624 489 696 priore
517 623 590 681 libro
620 623 696 688 diai3
729 624 760 678 in
781 622 834 677 ltoa
857 625 949 680 dicam
978 625 1011 678 de
1036 621 1156 695 poeticis
1184 614 1331 672 nocatutts

182 719 210 769 et
223 700 320 767 aarum
341 709 507 780 eripiamus,
529 709 562 764 in
583 709 645 780 puis
667 709 756 764 multa
770 708 909 782 difficilia,
931 725 1007 765 nam.
1029 708 1097 764 haec
1118 718 1186 779 quae
1208 702 1235 755 in
1257 696 1332 754 nullo

181 797 282 869 scripto
303 794 433 869 leguntur
454 793 500 849 sed
523 810 557 849 ex
577 794 720 866 postremis
741 793 926 866 praecedentis
946 792 1009 851 libri
1025 790 1120 853 verbis,
1144 789 1208 844 item
1230 801 1262 841 ex
1279 782 1334 838 fine

181 883 228 938 vll
249 888 277 938 et
297 881 372 936 initio
388 878 446 935 Vlll
467 877 537 934 iacili
559 894 642 951 opera
662 877 723 934 addi
745 886 879 949 poteraut,
902 879 1019 954 primum
1041 878 1095 934 sive
1117 890 1167 930 suo
1191 871 1245 927 sive
1266 867 1333 924 alius

182 965 288 1042 iugenio
305 964 378 1021 dedit
392 971 419 1020 et
432 962 570 1019 miraberis
590 963 705 1019 bominis
727 964 871 1026 audaciam,
894 964 941 1038 qni
963 980 1024 1020 cnm
1045 964 1072 1018 in
1094 959 1163 1017 libro
1185 954 1333 1048 inveniret:

183 1067 284 1126 repens
305 1050 392 1105 ruina
413 1049 526 1121 aparuit
546 1055 578 1103 ut
599 1049 715 1103 nerium
736 1050 810 1121 pund
839 1050 980 1106 conditum
1009 1057 1050 1103 est
1071 1064 1085 1102 e
1107 1044 1210 1119 quibam
1232 1039 1351 1096 litteus·

184 1142 307 1212 oportet,
336 1135 403 1191 inde
425 1133 518 1190 deletis
540 1132 626 1190 tribus
648 1133 740 1206 primis
762 1133 865 1195 verbis,
895 1143 927 1190 ut
952 1132 1109 1208 particulam
1130 1144 1197 1186 nam
1219 1122 1252 1181 ab
1273 1123 1333 1216 ipso

183 1221 358 1295 excogitatam
383 1219 459 1292 sequi
480 1217 615 1274 videretur
636 1220 817 1284 constructio,
851 1235 918 1275 nova
945 1218 1034 1275 addita
1062 1212 1269 1289 interpolatione
1295 1222 1335 1262 stc

183 1313 323 1382 pergeret:
346 1320 413 1359 nam
429 1296 441 1382 ss
456 1310 488 1359 ut
502 1303 617 1359 nerium
631 1305 705 1375 pund
719 1304 860 1360 conditum
881 1311 923 1360 est
945 1321 960 1359 e
982 1304 1082 1376 auibus
1104 1299 1205 1358 litteris
1227 1297 1336 1368 oportet

183 1393 270 1449 scribi
299 1390 438 1462 aperiam.
480 1387 550 1443 Inde
582 1389 608 1444 si
632 1396 698 1461 post
728 1429 767 1448 ..
795 1389 873 1446 Vides
902 1397 1001 1463 quanta
1026 1389 1091 1445 insit
1116 1383 1238 1456 vulgatae
1266 1393 1336 1452 quae

184 1477 281 1534 dicitur
302 1473 426 1535 lectioni,
460 1489 541 1547 quam
569 1490 661 1529 omnes
689 1473 888 1547 exprimebant,
922 1473 997 1530 tides.
1029 1474 1060 1539 V,
1086 1474 1124 1531 85
1155 1466 1247 1540 scripti
1276 1460 1336 1518 iibri

184 1579 246 1620 cum
267 1560 303 1616 li:
330 1558 449 1616 Sodales
475 1559 541 1615 Titii
563 1559 639 1622 dicti,
662 1574 733 1630 quas
753 1560 785 1615 in
807 1561 935 1631 auguriis
958 1560 1040 1615 certis
1062 1559 1214 1615 obseruare
1234 1550 1334 1610 solent,

185 1654 313 1720 corrupte
341 1661 407 1700 saue
433 1660 484 1700 nec
504 1645 623 1716 integre3
658 1644 791 1718 supplevit
817 1644 939 1701 lacunam
966 1644 1063 1700 Laetus
1091 1642 1158 1699 dicti
1186 1639 1222 1695 ab
1254 1632 1336 1689 Titiis

186 1732 286 1788 aniius
316 1744 401 1802 quas,
435 1737 516 1803 atque
542 1728 591 1785 bae
613 1729 696 1785 Titiae
723 1746 785 1785 aves
807 1746 840 1785 ex
860 1729 912 1786 boc
932 1746 988 1786 uuo
1010 1728 1138 1785 Varronis
1165 1725 1227 1781 loco
1255 1725 1337 1775 uotae

96 1823 99 1829 '
184 1833 241 1873 non
271 1832 303 1873 ex
330 1813 504 1888 antiquitate,
539 1813 587 1870 sed
615 1830 646 1870 ex
668 1814 810 1888 Pomponii
830 1815 904 1871 Laeti
930 1815 1047 1871 editione
1068 1815 1096 1869 in
1116 1813 1168 1868 hos
1191 1811 1224 1867 de
1244 1805 1336 1878 lingua

184 1901 267 1958 latina
294 1899 379 1956 libros
406 1899 573 1955 volaverunt.
618 1898 648 1959 V.
676 1901 731 1957 117
761 1899 856 1956 Tubae
882 1916 901 1954 a
929 1900 1017 1964 tuiis,
1053 1914 1121 1972 quos
1150 1898 1235 1952 etiam
1261 1903 1337 1947 nuuc

185 1986 227 2042 ita
257 1985 406 2059 appellant
435 1984 572 2040 tubicines
600 1999 762 2048 sacrorum,
796 1984 870 2040 addit
896 1985 993 2041 Laetus
1027 1983 1275 2057 interpretationem
1306 1972 1338 2028 id

186 2078 227 2127 est
254 2071 332 2126 sacri
354 2069 492 2125 tubicines
514 2069 575 2125 tubi
601 2075 753 2134 uocantur,
784 2069 902 2143 quaein
926 2069 1001 2126 nullo
1031 2078 1187 2125 nostrorum
1214 2063 1337 2122 codicum

187 2155 333 2211 iuvenitur.

272 2239 326 2304 Vll,
351 2241 389 2296 43
414 2235 496 2311 Apud
516 2237 640 2293 Ennium
662 2236 778 2293 Menses
800 2239 943 2293 constituit
963 2239 1091 2310 idemque
1112 2239 1235 2302 ancilia,
1262 2238 1337 2293 dicta

189 2326 226 2381 ab
248 2324 403 2388 ambecisu,
437 2325 512 2395 quod
533 2339 569 2379 aa
590 2338 672 2378 arma
694 2323 731 2378 ab
753 2329 873 2394 utraque
899 2331 997 2395 parte,
1030 2331 1060 2378 ut
1086 2323 1224 2378 tanarum
1244 2322 1337 2378 incisa

187 2408 290 2467 Saliia
312 2424 385 2481 puae
412 2409 522 2481 fictores
545 2406 649 2478 Argeos
672 2415 699 2462 et
721 2408 865 2463 tutulatos.
909 2407 983 2463 Ltta
1011 2410 1085 2480 quod
1112 2406 1222 2463 libandi
1248 2421 1337 2462 causa

187 2497 266 2569 fiunt.
311 2495 350 2550 sic
373 2492 407 2556 ll,
439 2492 483 2548 alii
503 2494 666 2564 solitaque,
698 2492 726 2549 in
748 2510 803 2567 qno
825 2493 922 2565 prioris
944 2492 1068 2549 vocabuli
1088 2493 1182 2549 incisa
1203 2500 1338 2566 postrema

189 2578 290 2654 syllaba
311 2575 356 2634 SA
377 2577 446 2634 male
465 2579 579 2652 repetita
600 2579 739 2652 sequentis
760 2579 832 2635 vocis
853 2579 929 2634 initio
951 2578 1018 2635 male
1040 2579 1182 2643 adhaeret,
1214 2586 1245 2634 ut
1271 2575 1339 2631 nibil

190 2665 225 2721 sit
246 2663 298 2720 nisi
319 2664 421 2720 incisa.
443 2662 557 2734 libaque
579 2671 606 2719 et
626 2661 692 2719 alter
714 2680 807 2720 versus
828 2671 1002 2738 sequeretur:

436 2763 548 2804 mensas
571 2747 713 2803 constituit
733 2749 859 2822 idemque
882 2749 1019 2805 ancilia.
1043 2791 1050 2804 .
1073 2790 1081 2805 .

436 2832 549 2905 libaque
570 2834 681 2907 fictores
703 2833 807 2905 Argeos
830 2840 856 2889 et
879 2834 1021 2890 tutulatos.

190 2917 287 2975 laetus
312 2934 377 2974 vero
399 2916 517 2974 inaudita
538 2918 662 2983 andacia,
696 2935 764 2994 quae
785 2936 828 2976 me
849 2920 937 2994 ipsum
957 2920 985 2975 in
1007 2920 1123 2978 editione
1144 2921 1235 2995 priore
1257 2921 1339 2976 dece-

190 3010 283 3078 perat,
315 3002 361 3077 qui
383 3002 513 3076 quaedam
534 3003 700 3061 intercidisse
721 3005 885 3066 conicerem.
922 3002 1013 3061 locum
1033 3004 1190 3062 lacunosum
1211 3005 1250 3061 sic
1270 3022 1340 3078 sup-

190 3087 273 3162 plevit
309 3088 411 3143 incisa.
440 3086 576 3144 Saturnio
607 3089 638 3144 in
670 3090 794 3145 carmine
829 3089 958 3161 Libaque
988 3091 1107 3163 fictores.
1151 3107 1243 3147 verum
1275 3088 1341 3145 vidit

190 3171 285 3229 lliiller
307 3171 407 3229 irustra
427 3181 595 3246 repugnante
616 3173 759 3231 Laurentio
781 3174 881 3231 Lerscb
903 3175 936 3230 de
958 3191 1037 3230 versu
1051 3174 1177 3232 Saturnio
1199 3192 1226 3249 p.
1240 3177 1268 3238 5,
1291 3171 1340 3229 sed

191 3257 291 3314 dudum
313 3265 390 3313 antea
411 3256 544 3314 Victorius
565 3258 635 3314 idern
660 3259 833 3324 indicaverat,
866 3259 941 3334 quod
962 3277 977 3315 a
998 3276 1041 3316 me
1063 3260 1214 3334 neglectum
1237 3266 1303 3315 crat.
1317 3255 1339 3328 ¹)

190 3341 262 3398 llaec
283 3351 310 3398 et
331 3341 425 3398 similia
445 3342 519 3399 Laeti
540 3343 629 3407 dicto,
663 3360 717 3417 quo
743 3343 843 3400 librarii
869 3342 972 3400 litteras
999 3346 1080 3402 modo
1110 3346 1137 3401 in
1159 3343 1246 3401 verbis
1274 3358 1340 3398 cor-

189 3434 283 3501 ruptas
305 3445 334 3483 se
349 3428 496 3484 correxisse
516 3427 669 3502 profitetur,
692 3445 787 3502 parum
811 3428 983 3493 conveniunt,
1007 3428 1121 3488 tortasse
1143 3429 1176 3485 ab
1198 3428 1254 3484 aliis
1276 3443 1340 3483 suae
1388 3427 1389 3430 ’

190 3514 284 3568 aetatis
312 3512 397 3568 doctis
426 3513 522 3569 tradita
547 3514 575 3568 in
604 3513 728 3570 ordinem
757 3513 898 3571 commode
925 3514 1037 3587 accepit.
1080 3515 1119 3571 sic
1148 3514 1237 3570 nescio
1266 3511 1339 3569 unde

189 3595 245 3662 Vll,
262 3597 302 3655 28
326 3595 406 3654 verba
428 3599 506 3670 apud
528 3594 648 3662 Accium,
673 3615 741 3672 qnae
763 3599 791 3653 in
813 3598 889 3654 nullo
910 3596 1040 3672 leguntur
1061 3600 1162 3663 codice,
1186 3597 1339 3671 sumpserit.

190 3681 245 3746 Vll,
264 3685 322 3740 105
344 3680 442 3737 llanilii
464 3682 632 3756 explicationi
651 3682 728 3740 verbi
748 3700 851 3740 neaum
872 3682 917 3738 illa
939 3684 1018 3741 blucii
1039 3686 1078 3741 sic
1098 3682 1263 3757 praefertur:
1287 3680 1340 3738 boc

189 3767 287 3822 uerius
315 3782 375 3822 esse
402 3767 494 3839 ipsum
522 3768 636 3823 uerbum
664 3770 784 3825 ostendit
815 3770 849 3824 de
876 3783 930 3840 quo
961 3770 1087 3842 quaerit,
1119 3767 1166 3823 ubi
1194 3768 1340 3840 quaeritur

191 3850 364 3908 scribendum
386 3867 444 3907 esse
465 3867 509 3907 res
530 3852 588 3926 ipsa
610 3853 697 3916 docet,
719 3854 816 3911 Laetus
837 3852 890 3910 lton
916 3852 1029 3911 Verrius
1051 3853 1172 3908 Flaccus
1195 3869 1254 3909 esse
1276 3851 1339 3908 vnl-

189 3936 276 4010 gavit,
309 3936 448 4010 secutique
475 3946 539 3991 sunt
564 3953 657 3993 omues
679 3939 795 3996 editores
816 3956 902 4014 usque
923 3939 955 3993 ad
979 3940 1042 3993 bnt.
1065 3939 1259 4010 Augustinnm,
1293 3938 1341 4011 qui

263 4169 288 4232 1)
306 4165 419 4219 Saturnii
436 4167 554 4219 carminis
571 4167 718 4222 hexameter
736 4171 812 4223 etiam
831 4171 919 4224 critico
937 4169 958 4221 B
977 4169 1115 4237 displicuit,
1137 4172 1224 4241 itaque
1241 4186 1336 4225 novum

191 4235 322 4302 procudit:
345 4238 440 4289 incisa.
459 4238 565 4286 etitem
583 4237 649 4286 alibi
666 4237 778 4303 libaque.
