3038 5048
266 204 327 265 172
595 201 709 258 LIBER
727 200 903 259 OCTAVUS.
938 202 1083 269 §tl-24.

160 379 243 459 §22
266 377 376 459 aliqua
408 395 456 459 re,
490 384 525 441 ut
557 374 662 441 visum
694 380 750 441 est.
816 373 934 440 Contra
963 372 1140 440 naturalem
1163 371 1423 442 declinationem

267 477 349 561 dico,
373 495 455 559 quae
480 497 543 542 non
563 497 584 543 a
605 477 800 560 singulorum
822 475 921 542 oritur
942 476 1106 542 voluntate
1127 473 1186 542 sed
1210 495 1233 541 a
1256 478 1424 544 communi

266 597 432 646 consensu.
470 578 584 661 ltaque
606 598 717 645 omnes
739 576 897 662 impositis
919 577 1099 644 nominibus
1121 596 1234 644 eorum
1261 577 1349 646 item
1372 578 1425 646 de

266 679 385 746 clinant
407 699 499 746 casus
521 686 618 762 atque
640 679 754 747 eodem
777 679 872 747 modo
901 676 1010 744 dicunt
1037 678 1131 745 huius
1158 679 1372 748 Artemidori
1394 686 1425 748 et

159 790 179 870 ξ
201 791 242 854 23
266 780 360 848 huius
382 780 467 847 Ionis
482 786 514 849 et
528 781 621 848 huius
641 781 770 867 Ephesi,
793 781 840 848 sic
860 781 892 846 in
915 780 1042 848 casibus
1064 780 1146 847 aliis.
1190 781 1277 848 (ium
1303 789 1456 851 utrum-e

267 902 329 966 que
361 901 586 967 nonnunquam
620 884 763 965 accidat,
801 887 833 949 et
865 888 900 948 ut
930 882 963 948 iu
995 883 1175 951 voluntaria
1197 883 1428 955 declinatione

266 983 541 1051 animadvertatur
562 990 676 1051 natura
704 992 736 1051 et
764 984 798 1051 in
826 985 966 1051 naturali
987 987 1150 1068 voluntas,
1177 1004 1282 1071 quae,
1319 989 1426 1056 cuius

114 1110 189 1161 (aas
197 1111 234 1162 sp.
243 1108 260 1159 ν)
270 1085 357 1152 modi
385 1086 465 1168 sint,
494 1086 676 1171 aperientur
698 1086 796 1170 infra,
830 1087 916 1169 quod
944 1093 1078 1170 utraque
1106 1087 1331 1158 declinatione
1362 1090 1428 1156 alia

266 1189 346 1256 fiunt
368 1188 502 1271 similia,
536 1187 601 1254 alia
623 1187 807 1272 dissimilia,
842 1191 882 1256 de
910 1210 949 1256 eo
977 1188 1092 1256 Graeci
1114 1189 1289 1273 Latinique
1323 1190 1428 1259 libros

267 1291 411 1358 iecerunt
438 1291 570 1373 multos,
603 1290 718 1375 partim
749 1310 819 1355 curn
847 1291 903 1357 alii
930 1298 1080 1376 putarent
1111 1289 1144 1356 in
1177 1291 1352 1373 loquendo
1389 1313 1429 1360 ea
1450 1305 1473 1356 lo

267 1394 368 1461 verba
389 1392 480 1474 sequi
502 1397 663 1476 oportere,
698 1410 781 1474 quac
810 1392 851 1458 ab
881 1392 1037 1458 similibus
1059 1393 1206 1460 similiter
1229 1401 1348 1461 essem
1371 1394 1426 1464 de

268 1495 395 1577 clinata,
419 1511 498 1576 quas
514 1494 716 1577 appellarunt
740 1485 927 1578 ἀναλογίας,
950 1494 1007 1561 alii
1029 1515 1100 1561 cum
1122 1494 1156 1560 id
1178 1494 1428 1580 neglegendum

268 1599 417 1681 putarent
438 1613 476 1659 ac
498 1596 605 1677 potius
628 1594 825 1678 sequendam
849 1595 1155 1681 uusimilitudinem,
1179 1614 1264 1679 quae
1287 1596 1326 1664 in
1351 1617 1427 1666 con·

267 1696 436 1762 suetudine
457 1702 514 1778 est,
538 1717 633 1781 quam
657 1704 773 1763 vocant
794 1689 997 1780 ἀνωμαλίαν,
1024 1719 1105 1781 cum,
1129 1705 1162 1764 ut
1183 1718 1244 1782 ego
1268 1699 1427 1784 arbitror,

267 1805 435 1879 utrumque
457 1799 499 1864 sit
520 1798 613 1864 nobis
635 1799 846 1882 sequendum,
880 1798 964 1881 quod
987 1796 1040 1885 [iu]
1065 1799 1280 1868 declinatione
1302 1804 1427 1872 volun·
1449 1815 1475 1866 ts

161 1910 181 1988 ξ
203 1910 244 1971 24
266 1899 349 1966 turia
371 1899 412 1965 sit
434 1900 612 1984 anomalia,
645 1901 837 1967 innaturali
860 1901 962 1984 magis
990 1902 1150 1984 analogia.
1216 1903 1268 1969 De
1299 1905 1426 1989 quibus

115 2025 145 2077 q.
155 2023 261 2076 rossan
270 2002 434 2084 utriusque
470 2002 597 2085 generis
633 2002 898 2070 declinationibus
934 2003 1031 2070 libros
1064 2004 1179 2070 faciam
1212 2002 1263 2070 bis
1298 2009 1424 2092 ternos,

268 2104 382 2191 prioris
405 2104 462 2171 tris
485 2106 526 2171 de
549 2125 657 2171 earum
680 2105 927 2172 declinationum
949 2104 1134 2191 disciplina,
1167 2106 1362 2189 posterioris
1385 2109 1425 2172 de

268 2207 336 2275 eius
359 2206 547 2291 disciplinae
575 2207 812 2292 propaginibus.
856 2205 898 2272 de
925 2207 1084 2293 prioribus
1112 2205 1233 2291 primus
1263 2207 1325 2272 erit
1358 2209 1423 2294 hio,

268 2329 351 2392 quae
380 2316 491 2375 contra
519 2307 758 2375 similitudinem
781 2307 1030 2375 declinationum
1052 2308 1213 2392 dicantur,
1246 2312 1473 2389 secundusne

268 2428 351 2492 quae
374 2420 484 2477 contra
507 2410 814 2494 dissimilitudinem,
835 2411 945 2478 tertius
967 2411 1008 2477 de
1031 2409 1272 2477 similitudinum
1295 2411 1421 2499 forma,

267 2511 308 2577 de
331 2511 445 2593 quibus
469 2532 551 2594 quae
575 2512 746 2595 expediero
769 2512 903 2596 singulis
924 2512 1034 2594 tribus,
1057 2517 1123 2577 tum
1145 2510 1187 2577 de
1208 2513 1320 2580 alteris
1344 2516 1421 2582 toti·

268 2613 342 2679 dem
364 2613 503 2680 scribere
526 2633 563 2679 ac
586 2611 731 2679 dividere
753 2611 943 2698 [incipimus]
965 2613 1124 2697 incipiam.

350 2898 372 2952 F
391 2899 437 2954 fol.
458 2899 519 2952 191)
537 2901 633 2954 contra
650 2898 802 2953 naturalem

337 3141 349 3190 1
369 3135 461 3203 aliqua
478 3135 533 3190 alia
550 3135 611 3205 Vp.
630 3137 718 3207 mepte
737 3135 939 3190 Varroniunum
956 3136 994 3189 sit
1010 3136 1045 3190 ab
1063 3136 1118 3190 alia
1135 3153 1189 3206 qua
1205 3153 1243 3192 re.
1263 3169 1295 3178 —
1315 3144 1330 3193 2
1348 3157 1417 3199 aco·

265 3222 342 3276 muni
358 3221 391 3275 F.
410 3251 443 3259 —
462 3223 477 3274 3
496 3222 556 3275 orins
573 3220 605 3274 F.
624 3252 656 3260 —
676 3226 690 3274 5
710 3221 794 3276 lonae
810 3219 906 3288 vulg,
924 3221 989 3276 Ione
1007 3221 1038 3274 B.
1056 3251 1090 3260 -
1108 3222 1211 3291 ephesi]
1230 3222 1417 3298 Rholand,

267 3306 372 3376 ephesii
394 3305 535 3374 Laetus,
563 3305 670 3375 ephesia
689 3305 721 3358 F.
750 3335 781 3344 —
810 3304 859 3369 sic]
883 3306 923 3360 sic
946 3310 1038 3360 rectus
1055 3307 1213 3376 plerumque
1233 3306 1416 3381 voluntarius,

268 3391 371 3460 obliqui
388 3392 527 3446 naturales
546 3407 660 3459 semper,
679 3391 718 3444 sic
736 3389 796 3460 Vp.
815 3420 848 3429 —
874 3397 888 3444 ἵ
908 3391 1079 3460 quoiusmodi
1098 3391 1165 3447 GH.
1192 3421 1227 3432 —
1253 3395 1267 3446 8
1286 3393 1416 3461 aperien-

266 3479 321 3541 tur]
339 3475 372 3544 F,
390 3476 528 3545 aperietur
546 3475 689 3543 Laetus,
708 3475 788 3545 prob.
807 3474 878 3545 LSp.
906 3506 938 3514 —
968 3479 999 3530 12
1017 3476 1156 3546 analogias
1174 3477 1206 3531 F.
1232 3471 1310 3547 ‘fort
1330 3492 1414 3546 quam

267 3559 440 3630 appellarunt
465 3553 636 3632 dvaloylav'
662 3559 731 3628 usp.
759 3591 792 3599 -
821 3565 852 3614 13
871 3560 1126 3627 dissimilitudinem]
1154 3562 1357 3618 similitudinem
1376 3563 1413 3632 F,

266 3645 419 3717 συνήθειαν
437 3644 735 3713 dissimilitudinemque
752 3644 840 3713 vulg.
853 3660 891 3699 ex
903 3646 925 3699 B
938 3647 1049 3716 quique
1067 3664 1119 3702 om.
1138 3677 1171 3687 -
1191 3648 1370 3702 lacerarunt
1387 3646 1413 3701 F

268 3734 308 3795 (eo
327 3731 488 3802 compendio
506 3731 581 3801 quod
596 3729 683 3799 facile
700 3733 803 3784 uocant
819 3745 877 3784 esse
894 3730 1013 3798 medas),
1035 3732 1133 3800 GHa,
1159 3736 1262 3787 uocant
1287 3731 1411 3787 ceteri.

265 3843 299 3855 -
325 3808 500 3884 ἀνωμαλίαν]
530 3818 723 3868 ΑωΜΑεΝΑΝ
750 3814 786 3882 F,
816 3813 1009 3869 auuueuau
1040 3817 1083 3884 M,
1110 3832 1161 3871 om.
1192 3816 1310 3883 catari,
1338 3832 1411 3871 corr.

266 3898 382 3954 Aldus.
410 3931 444 3940 -
473 3904 504 3955 15
522 3901 560 3964 in]
579 3898 686 3954 addidit
701 3898 788 3967 vulg.
817 3930 851 3939 —
879 3904 909 3956 18
927 3900 1093 3972 posteriores
1110 3900 1142 3953 F.
1164 3930 1198 3938 —
1225 3900 1268 3965 de]
1285 3900 1358 3969 LSp,
1376 3915 1413 3956 ex

265 3980 357 4037 libri.
376 4014 409 4023 -
428 3989 460 4039 20
474 3979 555 4055 ‘fort
573 3976 716 4039 dicuntur'
734 3984 806 4054 LSp.
825 4015 859 4024 -
877 3988 910 4038 22
927 3984 1081 4054 expediero]
1099 3983 1241 4047 Mttller,
1268 3984 1412 4054 experiero

265 4064 298 4134 F,
317 4068 454 4135 expetiero
473 4071 506 4138 B,
532 4069 696 4140 expedierim
714 4067 912 4140 Scioppius.
939 4100 971 4108 —
998 4072 1064 4132 tum]
1082 4069 1131 4122 aut
1147 4066 1186 4134 M,
1213 4067 1349 4124 Laetus.
1378 4101 1412 4111 —

267 4153 298 4203 23
311 4150 457 4220 incipimus
467 4153 490 4206 F
500 4154 655 4224 (incipimp,
667 4152 829 4224 incipiamus
841 4154 876 4223 Η,
888 4154 1048 4224 incipiemus
1062 4150 1254 4221 Scioppius,
1271 4152 1322 4207 del.
1337 4153 1411 4223 LSp.
