3038 5048
265 308 306 367 88
543 306 657 362 LIBER
674 305 822 362 SEXTUS.
858 307 875 374 ᾗ
892 309 925 359 45
942 309 1066 372 (49)-49
1083 310 1145 372 (45).

267 482 363 550 etium
386 482 493 547 Metuo
516 475 557 567 [a]
581 487 687 547 mente
718 477 954 563 quodammodo
975 485 1064 547 mota
1092 482 1146 547 vel
1178 484 1267 546 metu
1297 486 1416 548 amota.

269 585 323 652 sio
347 583 433 666 qnod
454 580 589 667 frigidus
611 584 723 666 timor,
745 584 905 650 'Fremitus
927 583 1111 647 timentium.
1156 583 1276 652 Tremo
1297 581 1418 650 dictum

267 707 289 752 u
309 683 518 752 similitudine
539 685 637 769 vocis,
673 704 757 767 quse
778 691 853 752 tunc
875 705 971 769 quom
992 683 1089 751 valde
1110 690 1251 753 tremunt
1272 694 1416 772 apparet,

115 802 363 871 rr·2²⁴so·¹›quom
387 786 484 853 etiam
506 788 539 852 in
561 807 693 872 corpore
713 787 792 872 pili,
820 794 854 853 nt
875 787 975 853 arista
997 787 1030 852 in
1052 787 1142 872 spice
1162 785 1271 870 ordei,
1301 794 1415 855 ornent.

163 894 183 972 ᾗ
205 895 246 957 46
269 891 388 958 Curare
410 910 431 956 e
453 909 529 956 curu
550 888 679 957 dictum.
725 889 812 957 Oura
833 888 920 973 quod
949 910 1004 957 cor
1031 895 1112 956 urat.
1157 888 1309 956 Ouriosue
1332 888 1451 973 quods

269 994 330 1060 bac
351 997 477 1079 praeter
499 991 629 1060 modum
652 993 759 1060 utitur.
797 992 970 1059 Recordori
993 1011 1099 1058 rursus
1121 991 1156 1059 in
1176 1012 1233 1058 cor
1254 1012 1415 1061 revocare

268 1098 394 1178 Curiae,
416 1095 471 1160 ubi
487 1103 617 1162 senatus
633 1095 862 1179 rempublicam
877 1100 976 1180 curat,
998 1101 1031 1160 et
1051 1094 1111 1159 illa
1131 1094 1187 1160 nbi
1210 1115 1288 1162 cura
1308 1115 1415 1163 sucro

161 1204 182 1281 ξ
204 1205 242 1267 47
269 1221 337 1265 rum
359 1197 504 1282 publica,
526 1198 568 1262 ab
589 1197 640 1265 his
662 1196 823 1264 Curiones.
867 1196 949 1286 licio
971 1196 1420 1281 averruncandorum

265 1403 343 1470 volt.
372 1401 498 1467 Lubere
514 1400 556 1465 ab
579 1400 717 1468 labendo
734 1401 862 1485 dictum,
886 1401 972 1483 quod
993 1400 1118 1469 lubrica
1138 1421 1229 1469 mens
1250 1423 1291 1468 uc
1312 1403 1418 1488 prolu-
1440 1414 1466 1464 ro

267 1483 368 1588 bitur,
390 1508 426 1568 ut
448 1502 600 1571 dicebant
622 1503 708 1569 olim.
753 1504 804 1569 Ab
827 1503 967 1570 labendo
990 1503 1124 1587 Libido,
1151 1503 1358 1572 libidinosus
1379 1525 1420 1571 ac

116 1606 635 1776 merere
842 1606 1256 1777 ra..vra
1276 1607 1420 1777 err

269 1808 390 1897 [mensl.
428 1727 774 1888 Quumqvchementiiss
795 1813 830 1877 in
852 1811 1010 1878 movendo
1034 1817 1069 1877 ut
1090 1811 1132 1878 ab
1154 1731 1190 1877 sie
1212 1813 1310 1879 abeat
1331 1729 1419 1882 loilau

146 1919 187 1979 49
199 1914 254 1999 (rs)
268 1915 376 1996 fertur,
398 1911 566 1997 Formido,
589 1932 685 1996 quom
699 1920 806 1998 pavet,
827 1914 936 1997 pailet,
959 1913 1001 1978 ab
1018 1935 1056 1981 eo
1071 1914 1187 1980 Pavor.
1231 1914 1419 1982 Meminisse
1441 1929 1467 1979 15

265 2154 368 2223 vulg,
394 2153 535 2208 descendit
559 2152 654 2207 libri.
690 2147 767 2222 ‘fort
793 2147 912 2208 decedit'
941 2152 1012 2223 LSp.
1046 2183 1077 2191 —
1110 2157 1176 2223 post
1201 2153 1345 2210 descendit
1371 2155 1418 2210 ad·

266 2238 335 2292 didit
360 2238 490 2293 Mllller
515 2255 548 2292 ea
574 2255 645 2308 qaae
671 2238 749 2306 iufra
776 2238 904 2309 tepenter
929 2255 956 2309 p.
976 2241 1193 2306 88,15-89,8
1219 2238 1375 2294 meminisse
1400 2257 1418 2294 a

265 2324 397 2379 memorie
414 2367 421 2378 .
441 2366 447 2378 .
465 2325 632 2379 monimento
648 2323 737 2392 dictu,
755 2325 795 2378 ito
812 2329 843 2379 at
860 2340 932 2394 qaae
949 2322 992 2377 bis
1008 2328 1161 2393 sequautur
1177 2323 1242 2378 hinc
1259 2323 1344 2378 etiem
1360 2341 1417 2380 me·

266 2415 315 2465 tuo
334 2450 341 2463 .
361 2450 367 2463 .
386 2409 461 2464 ordei
482 2412 574 2465 errent
591 2414 660 2480 post
683 2408 732 2462 ilia
750 2425 866 2479 paacp.
886 2411 974 2474 88,15
999 2408 1103 2478 scripta
1127 2415 1192 2462 sarit
1213 2408 1249 2462 ub
1273 2424 1307 2463 eo
1331 2426 1419 2480 pavor

266 2501 437 2566 appareant,
464 2510 499 2547 ao
523 2494 564 2548 sie
586 2494 649 2563 fere
677 2492 829 2547 traicienda
854 2509 913 2548 esse
939 2494 1020 2549 verba
1044 2493 1125 2547 etiam
1143 2492 1204 2563 LSp
1230 2495 1329 2548 statuit
1353 2501 1418 2550 aute

266 2578 420 2633 Mallorum.
439 2577 492 2634 oid.
504 2578 602 2662 praef.
629 2608 663 2616 —
691 2583 702 2631 1
723 2583 847 2633 umente
869 2597 894 2648 q.
912 2584 987 2634 mota
1012 2579 1056 2634 vel
1080 2582 1154 2633 metu
1180 2583 1281 2643 amota]
1308 2581 1418 2652 compsi,

265 2668 383 2718 mentem
400 2680 424 2732 q.
442 2667 544 2718 motam
560 2663 604 2717 vel
619 2662 741 2718 metuisti
759 2664 883 2719 amovisti
900 2665 1001 2735 libri,
1027 2665 1082 2718 uisi
1104 2662 1180 2734 qaod
1202 2662 1276 2732 quod
1300 2665 1338 2718 ud
1359 2681 1417 2718 mo·

266 2749 330 2803 dum
352 2752 421 2820 (pro
445 2749 651 2818 quodammodo)
669 2747 703 2817 V,
730 2749 876 2804 admodum
898 2765 931 2819 p,
958 2756 986 2805 ct
1008 2765 1119 2804 amoveo
1143 2754 1211 2821 (pro
1227 2748 1271 2802 vel
1294 2750 1418 2804 metuisti

266 2834 400 2900 amovisti)
417 2835 457 2901 B,
473 2835 610 2889 Laetus.
644 2833 709 2887 hinc
727 2834 810 2888 otium
826 2840 918 2889 metuo
937 2877 943 2889 .
964 2877 970 2890 .
988 2835 1115 2890 amovisti
1136 2835 1206 2889 delet
1224 2834 1417 2891 Wilmunns

265 2935 292 2987 p.
313 2921 356 2973 42.
373 2915 503 2973 ‘conicias
519 2920 585 2973 hinc
603 2918 685 2974 etium
696 2919 832 2986 Metuerc,
850 2920 923 2989 quod
938 2926 1056 2976 mentem
1074 2921 1190 2990 quodem
1206 2920 1287 2974 modo
1305 2925 1416 2990 motam,

266 3007 298 3058 ut
314 3002 450 3070 metuisti,
467 3004 592 3058 amovisti
610 3003 653 3059 vel
668 3007 758 3058 metuo
777 3047 784 3058 .
806 3044 812 3057 .
832 3009 862 3059 ut
879 3005 964 3060 metui
981 3007 1082 3074 emovi,
1103 3004 1152 3059 sed
1168 3021 1203 3058 rre
1220 3003 1289 3060 bace
1306 3005 1416 3075 quidem

261 3088 376 3159 placeat
393 3094 421 3143 et
436 3088 549 3157 pravius
566 3088 636 3141 inest
653 3086 794 3141 meadum?
807 3088 880 3158 Lsp.
899 3120 932 3128 —
950 3093 965 3142 2
983 3090 1107 3144 tremitus
1124 3090 1287 3155 timentium]
1304 3092 1415 3162 scripsi,

265 3172 401 3228 tremuisti
417 3172 533 3227 timuisti
549 3172 647 3241 libri,
666 3172 945 3227 detetWilmenns.
963 3174 1003 3228 sic
1021 3174 1095 3243 quod
1180 3175 1297 3230 timuisti
1315 3192 1369 3229 om.
1387 3192 1414 3230 e.

264 3257 356 3329 possis
374 3258 455 3310 etiam
472 3257 605 3311 tremitis
623 3257 669 3326 qui
686 3257 770 3312 timet.
791 3287 823 3295 -
840 3262 936 3322 tremo]
954 3254 1031 3328 ‘sort
1044 3257 1173 3314 tremere’
1184 3259 1256 3330 LSp.
1274 3289 1309 3299 -
1328 3265 1343 3315 3
1357 3264 1414 3314 trc-

265 3347 351 3407 munt]
363 3342 475 3397 timetur
487 3341 622 3397 Laetus.
641 3373 675 3381 -
693 3347 709 3395 4
722 3344 847 3411 corpore]
861 3336 938 3412 ‘sort
952 3344 1043 3412 cupite
1056 3385 1062 3398 .
1074 3384 1080 3398 .
1094 3338 1208 3400 cristae'
1217 3345 1289 3415 LSp.
1302 3375 1336 3384 -
1349 3347 1414 3400 hor-

266 3430 311 3484 dei
322 3429 407 3497 vulg.
420 3443 457 3481 cac
469 3428 501 3480 B.
519 3458 553 3465 —
571 3432 649 3482 orent
661 3428 696 3496 H,
708 3430 821 3482 horrent
832 3428 871 3494 M,
883 3427 1024 3483 Laetus.
1044 3460 1076 3471 -
1096 3436 1110 3485 5
1128 3435 1201 3496 uret]
1212 3431 1283 3503 fort.
1296 3431 1360 3486 urit.
1381 3463 1415 3472 —

266 3515 312 3584 qui
323 3517 377 3568 hec
389 3513 528 3568 Luctus.
543 3544 575 3551 -
588 3517 603 3565 6
616 3513 711 3578 utitm]
724 3514 813 3568 uritur
824 3514 908 3581 vulg.
922 3544 956 3553 —
967 3516 1115 3580 recordari]
1128 3516 1215 3584 vulg.
1228 3532 1266 3572 ecc
1277 3515 1309 3584 B,
1321 3533 1414 3573 recor-

266 3602 332 3656 dere
349 3600 521 3668 plerique,
544 3598 684 3654 Stnnkel
701 3616 728 3668 p.
748 3603 789 3666 10,
806 3600 955 3654 recondere
971 3601 1015 3669 M,
1032 3601 1180 3670 Luctus,
1198 3616 1332 3656 reuocare
1349 3603 1413 3658 GH.

265 3680 341 3753 ‘fort
355 3685 512 3741 recorderei
524 3726 530 3738 .
542 3725 549 3738 .
561 3700 690 3740 revocure
708 3684 786 3753 iafra
799 3689 867 3754 post
884 3684 1010 3740 curiones
1023 3682 1166 3756 ponenda’
1180 3686 1251 3757 LSp.
1270 3716 1304 3726 -
1323 3692 1337 3740 7
1356 3687 1413 3752 ille]

265 3769 330 3824 illuc
343 3770 467 3825 christ.
485 3770 555 3838 fort.
567 3786 653 3840 supra
667 3769 743 3823 curie.
755 3786 815 3823 aare
824 3768 919 3824 Laeto.
931 3799 965 3809 -
979 3775 1010 3825 10
1022 3771 1125 3839 lubere]
1138 3772 1211 3841 LSp,
1222 3772 1309 3826 libero
1320 3772 1413 3827 libri.

266 3885 299 3893 -
313 3859 343 3909 11
358 3854 430 3919 olim]
446 3856 517 3910 enim
528 3857 548 3911 f.
561 3886 595 3895 -
609 3858 640 3910 12
652 3855 807 3918 Libentius]
819 3853 934 3910 libentia
947 3855 1037 3911 codex
1053 3856 1142 3911 Vossii
1154 3873 1200 3927 ap.
1213 3857 1303 3911 Bentl.
1316 3857 1413 3912 Horat.

267 3955 348 3993 cerm.
358 3940 379 4008 1,
393 3945 431 4010 19,
442 3945 466 3995 3.
479 3943 584 3998 Nonius
595 3959 623 4011 p.
634 3946 680 3996 64:
692 3939 782 3994 Varro
795 3941 829 3993 de
840 3939 934 4009 lingue
944 3941 1031 3997 latine
1042 3943 1297 4013 libr.Vprolubiem
1309 3948 1337 3999 et
1348 3960 1413 4013 pro-

266 4025 414 4080 lubidinem
426 4027 481 4081 dici
493 4028 528 4082 ab
541 4044 572 4083 eo
586 4029 659 4096 quod
669 4027 771 4093 lubeat,
789 4028 862 4081 unde
874 4027 957 4081 etiem
968 4028 1046 4082 lucus
1059 4028 1173 4083 Veneris
1184 4027 1359 4084 Lubentinae
1372 4029 1413 4084 di·

267 4114 353 4164 cetur.
366 4112 442 4181 cous.
451 4113 540 4168 Bentl.
551 4115 587 4168 ed
597 4113 658 4166 Ter.
669 4111 762 4178 Adll,
772 4116 796 4179 9,
806 4115 847 4166 28.
857 4142 891 4150 —
902 4115 932 4166 13
945 4113 1016 4167 male
1028 4127 1167 4168 cessurum
1176 4113 1370 4180 Scioppius.
1380 4146 1414 4155 —

268 4199 300 4249 14
311 4200 397 4259 mens]
409 4195 494 4253 deleri
506 4203 537 4251 at
548 4215 586 4253 ea
593 4216 625 4269 p.
637 4201 677 4265 88,
692 4202 704 4251 1
719 4196 832 4250 iliatam.
850 4193 929 4267 ‘fort
946 4197 1054 4266 refugit.
1067 4198 1147 4251 Mens
1159 4189 1251 4263 quom'
1261 4198 1323 4265 Lsp
1338 4198 1412 4253 eim.

265 4309 298 4321 -
317 4284 348 4335 15
366 4286 456 4351 quom]
468 4282 538 4351 fort.
552 4282 605 4350 qui.
625 4314 658 4324 -
676 4282 769 4353 pollet]
787 4282 903 4355 scripsi,
923 4287 950 4338 et
961 4282 985 4336 F
998 4281 1074 4353 upari
1092 4278 1202 4347 Victor,
1220 4297 1271 4336 om.
1285 4284 1411 4338 ceteri.
