3060 5048
447 313 561 370 meaa
577 312 744 384 currus.
780 316 797 381 s
817 316 960 369 rso-15⁵.
1247 314 1286 371 or

141 483 223 550 culis
236 482 436 567 aedifimtns,
457 486 513 553 nbi
527 485 596 553 ludi
609 485 698 570 fiunt,
721 491 754 552 et
769 484 855 567 qnod
869 485 916 551 ibi
930 486 1047 552 oironm
1067 491 1170 552 metas
1191 485 1290 551 fertur

140 604 261 670 pompa
282 587 411 668 eloqui
432 594 572 654 cumnnt.
608 588 717 670 itaque
740 586 859 654 dictum
881 588 914 654 in
937 587 1156 654 corniculariu
1177 587 1289 653 militis

141 685 292 770 adventu,
315 706 409 770 quem
431 689 626 756 circumeunt
648 690 809 757 ludentes:

271 787 374 867 Quid
402 810 608 860 cessamus
641 791 759 858 ludos
790 790 953 859 facere?
987 789 1119 857 circus
1149 796 1443 858 nestero-rasae

102 902 120 953 s
1047 911 1140 958 ecoe
1161 891 1289 959 adest.

142 993 181 1058 In
203 991 287 1061 circo
309 993 446 1079 primum
468 994 553 1061 unde
574 995 741 1061 mittuntur
763 993 836 1075 etqui
857 1014 940 1060 nunc
968 992 1113 1060 dicuntur
1128 993 1289 1076 Carceres,

142 1093 287 1162 Naevius
309 1093 471 1181 Oppidum
492 1098 646 1182 appellat.
691 1097 841 1163 Carceres
870 1095 963 1180 dicti,
991 1095 1078 1178 quod
1106 1101 1292 1162 coerountur

144 1196 227 1281 oqui,
247 1218 288 1265 ne
301 1197 377 1265 inde
393 1204 510 1265 exeant
523 1204 696 1282 antequam
711 1198 915 1282 magistratus
929 1198 1055 1278 signum
1069 1197 1163 1264 misit.
1197 1195 1291 1276 Quod

143 1298 187 1364 ad
217 1300 299 1365 muri
329 1300 469 1384 speciem
501 1302 606 1386 pinnis
638 1302 839 1384 tmnibusqne
871 1319 1014 1367 carceres
1046 1299 1122 1367 olim
1154 1301 1289 1382 inerunt,

90 1409 121 1462 ro
142 1399 269 1485 scripsit
289 1407 400 1485 poeta:

270 1502 457 1571 Dictator
485 1504 555 1570 ubi
582 1525 737 1572 currum
767 1503 935 1586 insidet,
963 1502 1201 1586 pervehitur
1227 1521 1289 1568 ns-

905 1624 979 1687 que
1000 1603 1047 1670 ad
1068 1603 1258 1689 oppidum.

142 1705 286 1773 Intumus
307 1707 409 1774 circus
439 1709 482 1775 ad
509 1708 651 1775 Murciae
680 1714 826 1789 vocatur,
856 1714 892 1774 ut
919 1705 1075 1772 Procilius
1096 1705 1219 1790 aiebat,
1248 1706 1332 1787 πὺξ
1359 1708 1418 1770 154
1520 1785 1528 1801 .

142 1806 255 1886 urceis,
279 1810 365 1891 quod
386 1809 414 1875 is
435 1810 524 1877 locus
547 1816 631 1877 esset
651 1809 734 1876 inter
753 1809 883 1892 figulos3
906 1808 963 1873 alii
977 1808 1087 1875 dicunt
1100 1812 1129 1874 'a
1152 1811 1287 1874 morteto
1297 1789 1328 1841 u·
1341 1786 1443 1841 “⁴⁸⁹³

92 1916 121 1969 ts
143 1908 338 1977 declinatum
368 1911 522 1993 quodibi
544 1911 578 1977 id
599 1912 707 1996 fuerit;
739 1911 828 1978 ouius
850 1909 1021 1990 vestigium
1051 1916 1174 1993 manet,
1203 1906 1289 1991 quod

143 2009 190 2076 ibi
211 2018 261 2078 est
281 2013 436 2080 sacellum
457 2014 554 2080 etiam
576 2033 660 2080 nuno
681 2014 825 2080 Murteae
847 2011 987 2079 Veneris.
1026 2012 1107 2078 Item
1129 2010 1226 2078 simili
1249 2010 1290 2076 de

143 2130 241 2179 musa
258 2112 369 2181 Circus
385 2115 561 2182 Flaminius
584 2114 709 2181 dicitur·
722 2114 777 2197 qui
799 2114 915 2181 circum
937 2111 1124 2179 aedificatus
1147 2119 1196 2178 est
1215 2112 1290 2178 Fla·

143 2211 275 2280 minium
297 2235 461 2302 campum,
490 2223 523 2284 et
544 2216 630 2302 quod
651 2217 697 2283 ibi
719 2236 846 2301 quoqne
875 2215 960 2282 ludis
982 2215 1108 2281 Tauriis
1131 2213 1204 2294 equi
1232 2213 1290 2280 cir·

144 2333 216 2381 cnm
229 2323 332 2385 metas
347 2326 484 2386 currunt.
541 2318 710 2386 Comitium
725 2320 768 2386 ab
784 2337 823 2385 eo
839 2316 925 2400 qnod
944 2316 1072 2382 coibant
1094 2335 1132 2382 eo
1154 2313 1290 2381 comitiis
1312 2315 1333 2394 S
1357 2317 1418 2378 155

89 2429 120 2481 m
142 2416 270 2484 curiatis
293 2425 325 2486 et
345 2419 449 2486 litium
469 2439 575 2487 eausa.
611 2420 725 2487 Curiae
741 2419 875 2487 duorum
895 2437 1061 2503 generum,
1085 2437 1158 2483 nam
1181 2421 1212 2482 et
1233 2413 1441 2481 abiurasse

143 2526 289 2587 curarent
302 2522 486 2589 sacerdotes
503 2541 555 2588 res
577 2520 703 2588 divinas
725 2526 760 2587 nt
783 2520 888 2588 curiae
911 2526 1045 2602 veteres,
1069 2523 1101 2585 et
1123 2517 1177 2585 nbi
1199 2535 1289 2584 sena

144 2625 195 2687 tus
216 2621 371 2689 humanas
393 2628 428 2689 ut
450 2623 537 2690 ouria
560 2622 705 2704 Hostilia,
730 2621 815 2706 quod
837 2622 958 2706 primus
980 2620 1163 2688 aedificavit
1183 2618 1290 2686 Hosti-

143 2719 205 2787 lius
228 2741 295 2790 rex.
331 2724 416 2791 Ante
437 2724 521 2791 hanc
536 2726 670 2809 Rostra;
692 2725 781 2792 ouius
802 2722 837 2790 id
859 2723 1060 2808 vocabulum,
1084 2743 1125 2790 ex
1146 2721 1292 2789 hostibus

144 2905 199 2960 lius
217 2921 243 2961 a.
261 2938 295 2946 —
311 2909 379 2977 fort.
400 2910 560 2979 spectacula
576 2911 652 2981 conf.
669 2911 685 2979 ς
700 2914 757 2965 154.
776 2941 809 2949 -
829 2915 841 2964 1
861 2908 1013 2965 aedificatis
1030 2907 1169 2963 Miller.
1182 2938 1216 2946 —
1235 2906 1291 2972 ubi]

144 2990 232 3059 vulg.
251 3007 289 3046 cor
305 2993 338 3060 B,
355 2992 394 3048 ibi
411 2994 502 3049 libri.
529 2990 607 3065 ‘fort
625 2995 673 3050 ubi
686 3037 692 3049 .
707 2989 837 3050 ,fierent’
858 2994 928 3064 LSp.
948 3025 981 3035 -
999 2998 1015 3047 2
1034 2992 1175 3048 cornicula
1191 2991 1291 3060 libri,

144 3075 448 3133 oorr.v0rtranius.
467 3109 501 3118 -
517 3078 617 3134 milites
635 3079 736 3147 libri,
754 3095 827 3134 corr.
847 3078 1038 3133 Turnebus.
1058 3108 1091 3117 -
1110 3082 1125 3132 3
1143 3079 1292 3133 aduentum

144 3158 210 3214 Mb.
228 3191 263 3200 -
281 3164 296 3214 6
313 3162 437 3230 primum]
454 3164 608 3233 proximum
625 3180 650 3233 a,
669 3164 869 3234 Scioppius.
887 3192 920 3202 -
944 3167 958 3215 7
977 3166 1142 3218 coercantur
1158 3161 1291 3226 FMVa,

146 3245 301 3300 coercuitur
317 3246 357 3314 H,
380 3251 530 3302 coecuntur
548 3248 572 3316 f,
596 3252 757 3304 coercentur
773 3264 807 3316 p,
828 3250 1040 3303 cohercerentur
1057 3249 1085 3302 b.
1113 3246 1189 3315 coos.
1208 3246 1290 3312 Aug.

145 3327 273 3383 Mulier
289 3346 317 3398 p.
336 3334 377 3384 59.
395 3361 430 3371 —-
448 3336 463 3386 9
481 3333 518 3388 ad
534 3333 606 3388 muri
622 3332 750 3403 speciem]
768 3331 914 3401 Mulier,
937 3333 1055 3387 amuris
1073 3337 1181 3404 partem
1197 3327 1291 3394 libri,

144 3429 162 3471 a
178 3413 250 3469 muri
266 3418 346 3485 parto
363 3415 448 3484 vulg.
465 3447 500 3456 -
523 3417 620 3487 pennis
638 3416 761 3473 turribus
779 3416 825 3486 qui
843 3416 942 3484 libri,
970 3417 1040 3472 illud
1056 3433 1129 3472 corr.
1148 3415 1291 3478 Laetus,

145 3496 197 3552 boo
214 3498 301 3567 vulg.
329 3500 406 3569 conf.
425 3499 547 3557 Reiter
563 3518 591 3572 p.
611 3505 651 3557 83.
677 3533 709 3542 -
738 3506 768 3556 11
787 3500 897 3565 insidet]
916 3500 994 3572 LSp‚
1019 3499 1229 3557 Fleckeisen
1246 3510 1290 3562 ap.

144 3580 261 3638 Bibba
274 3587 321 3637 107
332 3584 425 3638 coroll.
436 3601 463 3654 p.
473 3585 574 3642 XVHI.
598 3587 694 3644 insidit
704 3586 802 3641 libri.
829 3585 905 3656 conf.
917 3586 1053 3642 Franks
1070 3587 1100 3640 ln
1112 3580 1211 3640 Blumii
1223 3578 1291 3632 Ein-

145 3665 203 3722 leit.
221 3666 251 3720 in
268 3665 351 3722 Roma
369 3668 424 3723 alte
437 3668 536 3724 Gesoh.
550 3687 577 3740 p.
589 3676 699 3727 55-59.
717 3703 750 3712 -
771 3675 802 3726 13
814 3671 926 3727 intimus
939 3671 999 3727 Gb.
1018 3701 1051 3712 -
1069 3668 1203 3729 Murciae]
1221 3662 1292 3730 LSp,

145 3751 277 3807 murciam
300 3753 508 3822 Salmasius,
534 3756 644 3810 murtim
665 3772 697 3824 p,
722 3755 824 3811 murcis
842 3757 880 3825 B,
906 3771 1013 3811 murum
1035 3756 1067 3823 b,
1094 3749 1241 3807 murcisam
1259 3745 1294 3811 G,

145 3834 246 3893 muoim
262 3837 387 3905 ceteri,
404 3838 520 3892 mutium
532 3839 619 3908 vulg.
632 3869 665 3880 -
683 3843 810 3895 vocatum
821 3840 969 3909 Laetus,
986 3829 1293 3900 vocotusvulg.eae1³·

146 3949 180 3958 -
200 3924 229 3975 ll
250 3921 304 3989 qui]
321 3917 398 3990 ‘feru
417 3918 504 3991 quod’
524 3922 595 3993 LSp.
612 3953 645 3964 -
664 3928 696 3979 20
714 3926 752 3991 et]
772 3942 824 3978 om.
841 3926 874 3994 B,
893 3923 1084 3995 Scioppius.
1104 3918 1294 3980 -causa182

147 4004 233 4073 vulg.
243 4021 281 4060 ea
290 4005 322 4074 B,
341 4022 441 4062 causae
452 4006 486 4076 F,
504 4024 564 4063 esse
577 4007 646 4077 GH,
664 4024 747 4065 cause
766 4009 845 4065 eilias
863 4026 924 4065 esso
940 4010 978 4064 Μ.
998 4038 1031 4047 -
1050 4008 1080 4059 11
1101 3999 1211 4056 dininas
1230 4000 1258 4052 et
1275 3995 1294 4050 f·

147 4120 180 4129 -
200 4093 231 4144 23
250 4091 346 4159 quoius
363 4090 418 4146 Hi.
446 4093 472 4146 ri
487 4109 558 4146 sona
575 4099 640 4147 ruat
656 4095 745 4156 verba,
765 4095 907 4166 intellepe:
920 4088 979 4162 ‘qui
995 4091 1072 4146 locus
1091 4088 1144 4140 hoo
1160 4080 1295 4138 vocabulo

147 4175 317 4246 nominatur,
343 4176 373 4230 in
396 4192 428 4233 eo
455 4176 511 4231 fixa
537 4180 601 4233 sunt
625 4175 731 4234 rostra?
769 4179 841 4248 quod
863 4179 924 4234 loco
946 4174 1044 4244 quoius
1066 4167 1231 4224 Huschke
1254 4163 1296 4218 De

148 4259 281 4317 Varronis
292 4261 354 4317 loco
365 4279 393 4331 p.
404 4266 446 4331 49,
471 4260 569 4331 quoius
586 4261 642 4317 loci
657 4261 688 4317 id
704 4279 762 4320 voc.
781 4263 854 4332 quod
865 4261 1000 4317 Miller.
1024 4249 1107 4325 ‘fort
1120 4251 1204 4308 verba
1216 4247 1297 4304 ouius
