3038 5048
283 266 325 325 34
616 265 730 321 LIBER
747 264 914 336 QUINTUS.
949 266 1094 335 §uo-83.

144 452 274 506 (caeru
282 439 415 505 Praetor
443 436 547 504 dictus
576 436 631 520 qui
658 437 794 524 praeiret
822 437 891 504 iure
920 442 952 505 et
981 437 1132 505 exercitu.
1176 455 1282 519 aquo
1310 436 1347 503 id
1369 437 1437 504 Lu·

299 538 392 605 ilius:

282 559 299 606 0
411 640 512 725 Ergo
533 646 767 725 praetorum
790 645 967 708 estante
989 646 1028 707 et
1050 638 1223 726 praeire.

178 745 198 826 6
220 745 259 809 81
284 741 403 811 Censor
430 743 474 810 ad
502 742 591 809 cuius
614 741 806 826 censionem,
833 740 869 808 id
891 748 940 810 est
961 741 1142 822 arbitrium,
1171 745 1351 809 censeretur
1373 763 1433 828 po-

283 845 386 930 pulus.
423 843 546 911 Aedilis
569 844 624 928 qui
645 844 737 910 aedis
751 863 859 910 sacras
881 850 914 912 et
935 843 1077 928 privatas
1090 848 1283 929 procuraret.
1324 841 1431 922 Quae·
1454 860 1471 909 s

282 951 384 1014 stores
417 967 438 1012 a
471 945 652 1029 quaerendo
690 946 743 1029 qui
777 945 997 1030 conquirerent
1033 945 1178 1030 publicas
1212 945 1364 1031 pecunias
1399 951 1434 1013 et

282 1047 457 1131 maleficia,
488 1067 571 1130 quae
600 1047 755 1114 triumviri
783 1047 937 1131 capitales
965 1068 1048 1114 nunc
1075 1047 1279 1132 conquirunt,
1312 1046 1356 1112 ab
1379 1046 1433 1113 his

281 1156 395 1234 postea
429 1149 484 1230 qui
517 1149 738 1231 quaestionum
779 1146 898 1214 iudicia
932 1153 1082 1216 exercent
1114 1147 1307 1227 Quaestores
1341 1147 1432 1215 dicti.

282 1249 418 1315 Tribuni
450 1250 586 1316 militum
619 1249 705 1335 quod
736 1248 818 1316 terni
846 1245 911 1336 [err]
944 1251 1045 1317 tribus
1074 1250 1219 1317 tribubus
1247 1248 1431 1334 Ramnium,

282 1351 453 1436 Lucerum,
486 1352 605 1418 Titium
639 1352 716 1418 olim
748 1350 790 1418 ad
824 1351 997 1418 exercitum
1030 1353 1246 1419 mittebantur.
1292 1350 1433 1418 Tribuni
1455 1366 1486 1420 lu

281 1452 391 1537 plebei
413 1452 500 1535 quod
521 1474 562 1520 ex
583 1452 716 1519 tribunis
739 1452 874 1519 militum
896 1454 1032 1538 primum
1055 1450 1184 1539 [tribuni
1208 1448 1328 1538 plebei]
1351 1452 1433 1520 facti

180 1555 199 1638 ᾗ
220 1558 261 1622 82
285 1553 339 1640 qui
360 1554 488 1639 plebem
511 1554 721 1622 defenderent
741 1554 774 1618 in
789 1555 967 1623 secessione
983 1555 1228 1623 Crustumerina.
1283 1555 1434 1622 Dictator

284 1655 371 1739 quod
392 1678 413 1723 a
435 1657 564 1724 consule
586 1655 767 1739 dicebatur,
799 1655 849 1722 cui
871 1656 955 1723 dicto
978 1655 1147 1723 audientes
1174 1676 1286 1724 omnes
1312 1662 1430 1724 essent.

142 1773 174 1824 (r-
182 1774 207 1816 8⁷
216 1772 273 1825 suu
284 1757 437 1841 Magister
464 1758 605 1840 equitum
633 1756 719 1842 quod
747 1776 871 1825 summa
897 1764 1039 1843 potestas
1067 1758 1160 1825 huius
1189 1758 1222 1824 in
1250 1758 1373 1843 equites
1397 1764 1432 1825 et

282 1879 450 1945 accensos,
483 1867 519 1926 ut
547 1864 596 1926 est
623 1879 747 1926 summa
774 1858 885 1944 populi
907 1857 1086 1946 dictatoris,
1115 1879 1221 1942 aquo
1249 1859 1278 1926 is
1301 1879 1430 1944 quoque
1453 1877 1483 1928 15

283 1962 434 2044 magister
463 1961 572 2047 populi
600 1961 791 2046 appellatus.
834 1959 964 2046 Reliqui
992 1962 1077 2044 quod
1107 1963 1245 2030 minores
1275 1980 1372 2044 quam
1394 1961 1431 2029 hi

282 2064 435 2148 magistri,
458 2064 536 2130 dicti
556 2063 771 2148 Magistratus,
793 2070 827 2129 ut
849 2064 891 2130 ab
913 2063 989 2130 albo
1010 2064 1158 2131 Albatus.

178 2163 261 2242 §83
377 2169 424 2231 15.
458 2163 648 2233 Sacerdotes
680 2165 821 2233 universi
851 2185 871 2230 a
903 2164 1003 2232 sacris
1035 2162 1121 2231 dicti.
1163 2165 1359 2246 Pontufices,
1393 2173 1429 2234 ut

279 2265 438 2335 Scaevola
459 2267 594 2347 Quintus
623 2269 777 2352 pontufex
799 2266 958 2333 maximus
986 2265 1128 2352 dicebat,
1157 2286 1178 2332 a
1206 2287 1302 2352 posse
1327 2272 1359 2335 et
1380 2266 1428 2334 fa·

281 2389 353 2436 cere
376 2375 411 2437 ut
424 2369 583 2436 Potiiices.
627 2388 687 2453 ego
709 2389 730 2435 a
750 2374 848 2452 ponte
870 2367 1019 2452 arbitror,
1042 2388 1117 2435 nam
1140 2368 1181 2435 ab
1204 2367 1254 2434 his
1272 2367 1428 2436 sublicius
1450 2385 1481 2438 au

281 2585 426 2656 Scoliqcri,
439 2585 692 2654 consulciatlibri,
708 2583 1009 2654 consulfiatLaetus,
1025 2585 1121 2640 consul
1129 2584 1427 2654 fuatAugustinus,

281 2671 377 2724 consul
389 2669 441 2725 siet
454 2670 618 2725 Niebuhr.
646 2670 723 2739 conf.
736 2670 825 2725 cluam
836 2669 913 2741 apud
923 2669 1037 2724 modam
1046 2671 1150 2725 Attium
1158 2674 1193 2726 tr.
1202 2669 1237 2724 ir.
1248 2673 1298 2725 463
1307 2669 1357 2724 sub
1366 2686 1427 2726 oer-

279 2770 327 2809 sus
333 2755 553 2826 fiaemposttom.
561 2786 596 2794 -
611 2759 623 2808 1
635 2755 733 2809 Pretor
742 2755 774 2808 T.
785 2785 817 2794 -
832 2751 974 2819 iure1‘boc
986 2761 1029 2810 est
1039 2749 1122 2809 iurei’
1133 2755 1210 2826 usp,
1227 2755 1283 2811 iuri
1295 2755 1427 2810 Turne·

280 2840 352 2894 bus.
380 2840 419 2908 cs.
438 2841 488 2894 Au
494 2857 519 2909 g.
538 2839 664 2894 Mulier
680 2855 708 2908 p.
728 2842 768 2894 26.
788 2869 822 2878 -
845 2843 873 2895 et
890 2839 1020 2904 exercitu]
1038 2835 1188 2895 ‘abundare
1204 2839 1272 2896 bace
1289 2840 1426 2906 videatur,

280 2925 357 2994 conf.
375 2920 449 2990 §87'
468 2925 540 2993 LSp.
559 2955 590 2963 -
608 2924 638 2977 id
648 2923 781 2988 Lucilius]
799 2931 942 2994 exspecter
960 2930 1009 2977 out
1025 2941 1043 2980 a
1060 2941 1113 2994 quo
1131 2924 1254 2980 Lucilius
1272 2930 1321 2980 cat
1337 2941 1356 2980 a
1372 2940 1428 2994 quo

279 3008 309 3062 id
326 3007 469 3062 Lucili-
487 3013 503 3064 3
521 3011 557 3073 et]
576 3025 627 3062 om.
644 3009 784 3063 Laetus.
799 3037 833 3047 -
849 3008 940 3077 preire
957 3008 1034 3062 F.—
1051 3013 1094 3066 est
1110 3009 1228 3065 antidire
1246 3010 1429 3065 Mulier.—

281 3098 298 3147 4
316 3092 412 3163 quoius
431 3092 519 3148 GHa.
536 3124 571 3132 -
589 3097 604 3147 6
622 3094 760 3162 querendo
777 3093 810 3147 F.
829 3123 861 3131 -
880 3096 895 3147 8
914 3097 1051 3158 exercent]
1069 3089 1148 3163 ‘fort
1161 3089 1333 3151 exercerent’
1352 3094 1427 3164 LSp,

280 3177 400 3234 Christ
422 3177 521 3232 Philol.
544 3177 622 3246 XVI,
646 3182 706 3233 463.
732 3208 766 3217 -
793 3181 809 3231 9
832 3182 874 3242 ex]
897 3177 960 3232 add.
982 3179 1054 3249 LSp.
1081 3209 1114 3218 —
1140 3179 1237 3243 tribus]
1261 3195 1314 3235 om.
1335 3177 1371 3232 H.
1392 3209 1427 3219 —

282 3268 313 3318 16
330 3263 430 3326 titium]
456 3262 519 3329 FB,
548 3263 650 3318 tacium
667 3263 707 3332 H,
735 3262 855 3318 trecium
873 3263 910 3329 (l,
938 3262 1037 3318 tatium
1054 3262 1087 3330 b,
1116 3261 1267 3318 titiensinm
1283 3262 1427 3332 Laetus,

281 3347 451 3403 Tutiensium
467 3347 554 3415 vulg.
568 3378 601 3386 -
621 3352 652 3403 11
670 3347 775 3402 tribuni
785 3347 884 3417 plebei]
902 3347 1007 3402 seclari.
1020 3377 1054 3387 -
1073 3350 1105 3400 12
1123 3348 1304 3405 defenderunt
1320 3347 1379 3417 Hp.
1391 3377 1427 3388 ·-

281 3437 313 3487 13
331 3432 395 3501 quoi
413 3431 506 3500 GHa,
533 3432 610 3487 cuius
627 3433 768 3488 Laetus.
794 3462 829 3470 —
855 3435 887 3485 14
903 3431 993 3496 huius]
1018 3431 1077 3487 eius
1094 3431 1154 3502 Vp.
1181 3464 1215 3474 —
1242 3437 1273 3488 15
1291 3433 1427 3488 adcensos

280 3518 365 3586 vulg.
375 3534 413 3572 ccc
422 3517 454 3570 B.
472 3546 507 3554 —
523 3515 627 3587 populi]
644 3517 674 3570 in
690 3517 821 3586 populum
839 3515 1025 3571 Turnebus.
1051 3512 1129 3587 ‘foru
1140 3516 1194 3573 del.
1207 3533 1268 3572 oum
1277 3512 1424 3587 Scioppio’

280 3602 351 3673 LSp.
370 3632 404 3642 -
422 3602 541 3657 dictator
557 3618 630 3657 corr.
642 3617 681 3656 aa
697 3601 840 3700 dictatpds
859 3606 889 3654 ut
903 3601 956 3655 oid.
969 3601 1109 3669 FtGroth)
1128 3601 1204 3673 quod
1214 3601 1320 3672 recepi,·
1337 3599 1426 3656 dicta-

280 3704 359 3760 torF
373 3703 463 3771 (Keil),
483 3701 603 3758 ceteri.
616 3733 650 3743 -
669 3707 700 3758 16
712 3703 856 3772 pontifices
868 3703 892 3757 F
911 3706 936 3769 (u
947 3702 1011 3757 add.
1021 3720 1048 3757 m
1058 3708 1102 3772 d),
1119 3703 1271 3777 pontufices
1282 3703 1317 3772 V,
1333 3700 1425 3772 ponti·

279 3789 346 3844 ficas
364 3787 485 3844 ceteri.
512 3788 589 3857 conf.
607 3787 758 3842 sacruficiis
776 3790 835 3856 §98
853 3793 881 3844 et
897 3787 1025 3844 artufices
1041 3789 1082 3844 IX
1093 3791 1110 3860 6
1122 3793 1161 3844 12.
1181 3819 1216 3830 -
1232 3793 1264 3844 ut
1280 3803 1298 3843 a
1315 3786 1427 3842 sceuola

280 3874 380 3943 libri,
398 3872 667 3930 corr.Veneta.—
686 3876 718 3927 19
731 3873 856 3941 Quintus]
874 3868 918 3940 ‘Q‘
940 3874 1067 3943 GHMa,
1089 3872 1169 3943 quib
1186 3874 1330 3942 Laetus,
1353 3871 1427 3926 delet

280 3958 467 4030 Lahmeyer
484 3957 582 4013 Philol.
594 3957 681 4025 XXII,
698 3961 758 4012 471.
793 3958 824 4026 Q.
843 3958 974 4014 Scaevola
990 3959 1078 4026 vulg.
1090 3973 1128 4012 cu
1137 3957 1212 4011 B.—
1229 3973 1371 4014 maxumus
1387 3956 1423 4012 E

280 4072 315 4082 —
332 4044 443 4099 dicebat
459 4061 531 4099 corr.
548 4060 586 4098 ccc
604 4043 733 4098 dicebant
750 4042 877 4111 FtKeil),
903 4044 1033 4098 dicebant
1049 4057 1121 4096 corr.
1138 4057 1174 4095 ca
1191 4041 1301 4098 dicebat
1322 4048 1355 4097 at
1370 4041 1424 4096 vid.

280 4126 430 4196 accron),
456 4129 599 4184 dicebatur
617 4130 650 4195 (i,
676 4127 818 4183 dicebatur
835 4128 945 4184 dicebat
961 4128 1006 4195 M,
1024 4127 1160 4180 Laetus.
1187 4155 1220 4164 —
1245 4131 1337 4196 posse]
1353 4127 1423 4197 fort.

280 4215 353 4283 pote.
372 4241 406 4250 -
423 4217 455 4267 20
473 4213 596 4281 potifices
616 4213 807 4282 Turnebus,
831 4212 974 4283 pontifices
991 4207 1083 4265 libri.

972 4430 981 4462 Ι
