3038 5048
236 310 278 368 44
563 307 677 363 meaa
694 308 862 376 uurrrus.
896 310 914 378 a
933 311 1074 364 roe-ma

239 487 307 548 tum
330 502 349 549 e
370 480 475 565 spicis.
512 482 576 547 Far
597 502 618 547 a
639 479 794 562 faciendo,
818 479 902 562 quod
930 480 963 544 in
985 479 1117 564 pistrino
1139 478 1184 543 fit.
1217 475 1338 541 Milium
1362 498 1384 541 a

239 604 370 668 graec03
393 603 467 648 nam
490 583 525 648 id
545 583 671 669 μελλνη.
711 583 826 649 Libum
849 582 935 666 quod
957 588 991 646 nt
1013 579 1175 663 libaretur,
1196 579 1382 663 priusquam

86 705 117 753 u.
125 701 162 745 no
170 699 228 754 snb
239 691 371 769 assetur,
395 690 463 752 erat
485 693 617 751 coctum.
657 683 862 750 Testuacium
884 683 970 766 quod
992 684 1025 748 in
1047 688 1130 748 testu
1152 680 1245 747 caldo
1267 698 1380 760 coque

242 787 345 869 batur,
368 792 403 852 ut
427 786 523 853 etiam
545 805 628 852 nuno
641 786 828 851 Matralibus
849 784 883 849 id
905 785 1026 851 faciunt
1047 788 1219 849 matronae.
1264 780 1382 846 Circuli

240 887 326 969 quod
358 887 459 953 mixta
488 887 591 954 farina
625 893 657 954 et
685 906 777 953 caseo
810 893 842 952 et
869 906 953 969 aqua
981 886 1145 952 circuitum
1173 883 1426 966 aequabilitero

114 995 134 1073 ξ
159 994 216 1058 107
240 988 425 1056 fundebant.
483 989 550 1056 Hos
573 987 703 1072 quidam
726 988 781 1072 qui
795 989 898 1072 magis
919 987 1079 1056 incondite
1096 986 1266 1068 faciebant,
1289 1004 1382 1051 voca-

240 1091 318 1157 bant
339 1091 470 1156 Lixulas
492 1093 525 1155 et
546 1089 744 1156 Similixulas
765 1089 922 1157 vocabulo
944 1090 1071 1173 savino,
1101 1088 1211 1171 itaque
1235 1089 1386 1168 frequen·

240 1198 348 1257 tantur
370 1212 390 1257 a
412 1191 550 1258 Sabinis.
588 1193 616 1256 A
634 1192 730 1272 globo
753 1192 873 1258 farinae
897 1192 1030 1258 dilatato
1052 1191 1128 1257 item
1150 1190 1185 1256 in
1207 1190 1279 1256 oleo
1301 1188 1387 1254 cocti

240 1294 319 1360 dicti
333 1316 354 1361 a
368 1295 464 1377 globo
480 1293 586 1359 Globi.
631 1293 812 1359 Crustulum
834 1314 854 1359 a
876 1300 980 1360 crusta
1002 1293 1109 1376 pultis,
1132 1295 1220 1359 cuius
1242 1313 1282 1360 ea
1297 1292 1387 1375 quod

240 1403 275 1463 ut
304 1396 422 1461 corium
453 1396 585 1474 exuitur,
615 1400 721 1461 crusta
750 1394 843 1461 dicta.
889 1395 1004 1461 Cetera
1030 1395 1096 1462 fere
1122 1415 1220 1480 opera
1248 1401 1440 1462 avoca-1⁰

114 1505 134 1584 ξ
159 1506 218 1570 108
241 1497 325 1564 bulis
347 1497 471 1582 graecis
496 1505 623 1581 sumpta
652 1503 686 1563 ut
708 1496 829 1563 Thrion
851 1504 882 1562 et
904 1498 1066 1563 Placenta.
1131 1495 1223 1576 Quod
1245 1497 1386 1563 edebant

91 1589 121 1639 ‘P'
130 1589 166 1630 ¹¹¹
176 1585 231 1639 ⁸¹¹³)
242 1620 313 1667 cum
336 1600 433 1683 pulte,
456 1599 498 1665 ab
521 1621 559 1666 eo
580 1600 789 1680 Pulmentum,
812 1606 847 1664 ut
868 1599 1008 1664 Plantae.
1045 1598 1119 1664 hine
1133 1599 1385 1665 Pulmentarium

243 1699 372 1769 dictum.
415 1700 476 1767 hoc
499 1701 634 1785 primum
657 1698 757 1766 defuit
778 1700 966 1784 pastoribus.
1003 1700 1124 1767 Caseus
1141 1720 1161 1764 a
1176 1707 1285 1766 coacto
1301 1700 1386 1766 laete

168 1810 172 1818 '
242 1809 277 1868 ut
299 1822 437 1869 coaxeus
467 1802 583 1886 dictus;
617 1802 693 1868 dein
718 1808 925 1886 posteaquam
955 1801 1117 1868 desierunt
1144 1820 1216 1869 esse
1245 1800 1386 1867 contenti

243 1904 293 1969 his
317 1923 399 1986 quae
421 1909 534 1988 suapte
555 1910 670 1970 natura
691 1904 815 1971 terebat
836 1905 905 1970 sine
926 1904 1010 1986 igne,
1033 1905 1066 1969 in
1083 1923 1147 1988 quo
1169 1907 1259 1969 erant
1281 1923 1386 1988 poma,
1410 1909 1441 1961 lb

244 2024 327 2088 quae
348 2007 452 2072 minus
475 2005 572 2072 cruda
594 2026 665 2071 esse
684 2011 831 2091 poterant
852 2006 1073 2088 decoquebant
1093 2005 1127 2070 in
1149 2006 1223 2072 olla.
1260 2007 1386 2072 abolla

91 2106 338 2180 uicesoolera
354 2107 448 2190 dieta,
472 2127 605 2190 quorum
628 2129 648 2174 a
670 2126 779 2189 gerere
802 2108 900 2172 cruda
922 2109 1018 2173 olera.
1059 2107 1162 2189 equis
1183 2107 1225 2171 ad
1248 2126 1385 2190 coquen-

241 2276 432 2331 Wilmanns
450 2292 477 2344 p.
493 2279 555 2330 132:
579 2277 706 2331 horreum
723 2277 758 2331 ab
776 2276 895 2344 hordeo,
917 2275 1049 2329 hordeum
1066 2276 1101 2330 ab
1118 2271 1242 2332 horrido‘
1261 2277 1333 2346 LSp.
1351 2307 1385 2317 -

177 2370 178 2375 '
242 2377 333 2432 orrido
351 2378 383 2431 F.
402 2409 436 2417 -
457 2383 468 2431 1
489 2382 513 2441 e]
531 2393 565 2431 ex
583 2378 640 2449 Vp,
658 2384 702 2434 est
718 2378 757 2446 M,
775 2379 914 2433 Laetus.
933 2408 966 2416 —
991 2382 1005 2432 2
1024 2345 1153 2431 uentu&
1172 2382 1337 2449 (suprascr.
1356 2386 1388 2433 ut

241 2463 295 2518 oid.
308 2463 343 2530 H)
361 2463 395 2532 F,
419 2466 539 2517 Medltte
556 2460 601 2529 M,
624 2467 733 2518 θλΤΝΘ
751 2465 784 2530 V,
804 2463 891 2516 locun.
911 2464 1049 2533 Gabcp,
1071 2479 1123 2517 om.
1136 2463 1176 2532 H,
1197 2456 1274 2532 prius
1291 2462 1388 2535 μέλην,

241 2551 305 2615 post
321 2552 400 2616 μεόιν
418 2549 441 2602 Β
459 2548 553 2619 (μέλην
572 2553 599 2601 et
615 2548 694 2618 μέδιν
709 2548 816 2616 uulgo,
839 2549 926 2619 μέλην
942 2547 1059 2602 Aldus.
1078 2579 1111 2588 -
1134 2555 1149 2604 3
1168 2551 1282 2612 essetur]
1302 2549 1387 2604 Tur·

240 2632 362 2699 nebus,
389 2638 461 2687 esset
482 2639 515 2689 ut
536 2633 628 2687 libri.
655 2663 689 2671 —
715 2633 886 2697 testuacium]
909 2634 949 2687 rio
966 2631 998 2685 F.
1033 2633 1170 2688 torticium
1193 2634 1302 2688 (iroth
1325 2633 1386 2687 coll.

243 2716 301 2770 Cat.
312 2715 346 2770 R.
357 2716 391 2769 R.
405 2723 438 2773 14
447 2720 526 2774 Schn.
545 2749 579 2757 -
597 2723 614 2771 4
630 2722 772 2772 matronae
789 2718 893 2782 circuli]
914 2723 1038 2773 matrone
1055 2722 1149 2773 nostre
1166 2719 1315 2788 praecipue
1333 2718 1386 2772 eir-

243 2800 299 2853 culi
316 2800 374 2869 Vp.
392 2832 427 2840 -—
445 2808 461 2856 6
479 2802 639 2866 fundebant]
656 2803 796 2871 fingebant
814 2803 930 2858 (iroth.
948 2833 981 2841 -
1001 2807 1060 2867 hos]
1079 2804 1140 2872 LSp
1159 2811 1186 2857 et
1204 2804 1389 2858 Mommsen

242 2884 361 2939 Unterit.
379 2885 451 2940 Dial.
469 2904 497 2955 p.
517 2891 579 2954 352,
603 2890 656 2941 hoc
673 2887 766 2941 libri.
784 2918 817 2926 —
845 2893 859 2940 1
878 2887 1046 2952 similixulas]
1064 2888 1087 2941 F
1105 2905 1165 2942 cum
1183 2888 1283 2957 multis,
1308 2887 1388 2941 semi-

241 2968 340 3023 lixulas
360 2970 438 3038 alii,
457 2971 602 3028 semixulas
611 2972 655 3025 Ἠ.
673 3002 706 3010 -—
725 2972 830 3039 sauino]
849 2972 1031 3042 sicFMVp.
1051 3003 1083 3010 —
1101 2972 1195 3041 itaque
1212 2971 1387 3040 frequentan-

242 3056 290 3107 tur
307 3057 332 3119 a]
351 3055 458 3125 sumpsi,
476 3055 569 3124 itaque
587 3056 741 3125 frequentia
757 3055 851 3111 libri.
879 3052 956 3126 ‘sort
975 3059 1048 3125 quod
1066 3054 1244 3125 frequentati‘
1264 3056 1335 3126 LSp.
1354 3087 1387 3096 —

242 3144 258 3193 9
276 3154 294 3192 a
310 3137 399 3206 globo]
418 3156 469 3193 om.
488 3140 624 3195 Mttller.
643 3172 675 3179 —
693 3141 774 3208 globi]
792 3141 894 3209 globuli
911 3142 1058 3207 Laetus,
1075 3141 1157 3208 glomi
1169 3158 1206 3196 ex
1217 3141 1295 3196 Paul.
1308 3141 1386 3196 Diac.

244 3224 398 3292 Georges
414 3224 512 3278 Philol.
522 3225 639 3279 XXXIII
650 3243 677 3295 p.
690 3229 747 3280 226.
759 3255 794 3266 -
813 3231 844 3279 10
863 3225 980 3290 exuitur]
998 3224 1142 3294 Mdller,
1160 3226 1284 3280 exuritur
1300 3225 1387 3280 libri

244 3311 377 3375 (exuritur
386 3309 408 3363 F
417 3309 506 3377 (Keil),
519 3315 546 3365 et
555 3311 644 3365 uritur
653 3311 676 3364 F
684 3312 809 3375 (Grothtt.
820 3340 853 3348 -
862 3314 954 3378 opera]
967 3314 1062 3379 aperta
1072 3311 1189 3366 Groth.
1200 3342 1233 3350 -
1244 3316 1273 3364 11
1285 3310 1386 3376 thrion]

242 3392 368 3469 θρύλλον
376 3399 423 3450 καὶ
434 3392 543 3468 τρύφον
552 3396 583 3462 Β,
593 3397 717 3465 vulg-
729 3399 759 3451 12
769 3396 945 3466 pulmentum]
956 3396 1094 3464 Charisp.
1103 3395 1173 3450 raK.
1181 3415 1188 3450 ε
1197 3396 1284 3451 Varro
1295 3399 1387 3450 autem

243 3481 279 3535 ad
290 3480 482 3536 CiceronemV
493 3480 660 3550 pulmentum
672 3481 720 3549 ait,
738 3481 850 3550 quodid
863 3497 924 3535 curn
936 3481 1012 3550 pulte
1030 3484 1129 3549 essent,
1147 3485 1175 3536 et
1187 3481 1251 3536 inde
1262 3482 1392 3550 palmer·-

242 3566 343 3620 tarium
353 3566 463 3620 dictum.
474 3596 506 3605 -
516 3566 638 3631 Plautus]
648 3565 743 3621 Plauti
751 3565 833 3620 verbu
842 3565 1010 3620 intercidisse
1019 3566 1072 3621 uid.
1082 3597 1113 3605 -
1130 3569 1160 3620 13
1170 3565 1267 3630 defuit]
1277 3565 1392 3635 cerebri„

243 3650 339 3705 debuit
355 3650 456 3718 libri,
485 3649 537 3705 fuit
554 3654 696 3720 August.
716 3668 803 3721 murq.
838 3646 915 3719 ‘sort
938 3651 1010 3719 quod
1032 3650 1169 3704 debebant
1187 3650 1231 3704 uel
1249 3645 1383 3705 debitum'

244 3734 314 3806 LSp.
333 3767 366 3774 —
385 3740 490 3800 coacto]
509 3740 587 3790 coeto
605 3736 780 3805 pLaetus,
799 3740 872 3791 cotto
892 3737 924 3791 V.
943 3766 977 3775 -
997 3741 1028 3790 14
1046 3741 1173 3799 coaxeus]
1192 3735 1281 3803 vulg.
1299 3751 1336 3788 erc
1352 3734 1392 3802 B,

243 3834 345 3875 coxeus
362 3821 453 3875 libri.
473 3853 506 3860 —
524 3821 596 3884 dein]
615 3821 713 3875 deinde
731 3823 871 3876 Laetus.
884 3851 918 3860 -
938 3826 968 3875 16
986 3821 1074 3875 minus
1093 3821 1187 3884 cruda]
1204 3815 1281 3889 ‘fort
1300 3819 1395 3873 cruda,

243 3904 332 3959 minus
351 3907 394 3960 vel
409 3907 490 3961 nimis
508 3908 594 3961 cruda
611 3923 671 3961 esse
688 3923 744 3961 non
760 3901 899 3976 poterant'
919 3906 989 3977 LSp.
1008 3936 1040 3944 -
1060 3910 1091 3959 11
1109 3920 1223 3973 quorum
1235 3919 1345 3972 agerere
1361 3903 1385 3956 F

244 3996 293 4044 aut
303 4005 355 4055 gen
367 4006 438 4045 corr.
450 4008 489 4046 eor
505 4008 553 4061 ger
565 3992 671 4057 (Groth)
689 3997 737 4045 aut
753 4007 801 4060 ger
818 4008 889 4046 corr.
902 4008 940 4046 ex
956 4007 1009 4059 gen
1027 3991 1114 4056 (Keil),
1132 4005 1246 4057 quorum
1258 4003 1390 4057 agenore

245 4075 367 4142 ceteri,
386 4093 469 4145 quare
487 4078 622 4145 degenere
638 4076 776 4143 Mt'rller,
795 4077 921 4144 quoniam
938 4092 1038 4144 genere
1056 4073 1176 4128 Reiter
1193 4089 1220 4141 p.
1235 4076 1267 4126 38
1276 4089 1316 4142 sq.
1334 4088 1385 4142 eqo

244 4160 317 4227 quod
339 4175 432 4214 earum
456 4163 523 4228 (scil.
542 4166 593 4225 est]
617 4176 756 4215 macerare
778 4161 822 4215 uel
839 4162 910 4229 quod
934 4161 963 4214 in
986 4175 1019 4215 ea
1044 4159 1217 4211 macerantur
1239 4156 1391 4212 uelamile

241 4243 331 4313 fuisse
348 4260 451 4299 censeo.
