3060 5048
468 289 583 344 ursum
600 288 776 345 ocunvus.
812 291 956 359 oss-ss.
1224 287 1284 347 183
1312 256 1317 283 '

140 462 255 548 pelles,
278 460 439 546 Pollia-ria,
462 461 518 528 ubi
540 461 650 545 calcei,
673 459 840 529 Calcearia
862 460 1035 546 diceretur,
1057 479 1121 527 non
1142 460 1286 526 Lanieua
1295 474 1369 526 (0431
1378 473 1438 526 snb

141 583 181 630 ac
202 564 386 630 Pellesuina
409 567 441 629 et
463 562 599 629 Sutrino.
644 563 789 630 sesicut
811 569 860 629 est
881 563 923 629 ab
945 584 1009 630 uno
1025 562 1098 646 Uni,
1120 561 1162 626 ab
1185 561 1285 628 tribus

142 665 248 747 Trini,
282 686 303 732 a
331 669 480 747 quattuor
501 663 670 747 Quradrini,
703 666 750 731 sio
777 685 798 730 a
825 665 949 733 duobus
975 663 1089 748 Duini,
1123 683 1186 730 nou
1214 662 1287 728 Bini

142 767 316 850 diceretur3
350 785 409 832 nec
436 785 499 832 non
527 774 563 832 ut
584 766 767 848 Quadrigae
789 766 921 850 Trigae,
955 766 1002 834 sic
1029 765 1135 851 potius
1160 764 1286 846 Duigae

104 883 237 953 squam
259 868 369 953 Bigae.
412 867 577 934 Permulta
597 875 671 934 sunt
696 868 829 935 huiusce
855 869 999 952 generis,
1032 886 1115 950 quae
1137 866 1286 949 quoniam

142 968 326 1035 admonitus
346 968 527 1053 perspicere
548 975 671 1054 potest,
693 970 814 1037 omitto.
873 1016 874 1021 η
959 999 960 1002 “

227 1075 278 1137 31.
300 1070 467 1137 Vocabuls
480 1089 563 1153 quae
577 1073 620 1138 ab
635 1072 817 1140 nominibus
838 1070 991 1158 oriuntur,
1013 1071 1041 1139 si
1063 1073 1105 1138 ab
1127 1068 1285 1137 similibus
1308 1072 1330 1150 ξ.
1352 1072 1392 1135 56

143 1173 323 1240 nominibus
345 1171 464 1240 similia
479 1193 552 1241 esse
568 1174 694 1258 debent,
717 1174 869 1256 dicemus,
892 1153 1042 1256 qioniam
1064 1172 1192 1258 gemina
1213 1177 1287 1238 sunt

143 1276 259 1341 Parma
272 1274 357 1341 Alba
372 1275 483 1359 Roma,
505 1277 709 1359 Parmenses;
733 1280 788 1341 aut
811 1276 960 1358 quoniam
983 1282 1032 1343 est
1053 1275 1165 1342 similis
1184 1274 1287 1340 Roma

92 1389 120 1440 10
142 1375 226 1442 Nola
253 1377 385 1460 Parma,
423 1376 566 1445 dicemus
587 1383 623 1445 ut
643 1379 780 1445 Romani
801 1377 920 1444 Nolani
948 1378 995 1444 sic
1015 1376 1181 1460 Parmaui3
1214 1381 1247 1443 et
1267 1392 1328 1443 ao·
1337 1387 1439 1442 433801

142 1478 317 1561 Pergamo,
350 1479 392 1543 ab
414 1479 474 1546 Ilio
497 1480 643 1547 similiter
663 1481 881 1566 Pergamenus
908 1479 1042 1563 Ilieuus;
1076 1485 1132 1545 aut
1152 1484 1188 1544 ut
1208 1477 1287 1544 Ilius

143 1575 245 1665 [unus]
270 1585 302 1646 et
323 1580 384 1646 Ilia
411 1601 481 1647 mas
509 1588 542 1647 et
568 1583 703 1665 femina,
738 1583 784 1649 sic
805 1583 981 1666 Pergamus
1005 1586 1037 1647 et
1058 1582 1217 1666 Pergama
1238 1577 1289 1646 vir
1317 1656 1324 1673 .

143 1688 175 1748 et
197 1681 325 1766 mulier,
353 1689 385 1749 et
407 1683 556 1764 quoniam
580 1684 698 1751 similia
718 1684 848 1750 nomina
868 1689 941 1749 suut
962 1683 1042 1750 Asia
1065 1683 1179 1767 Libya,
1202 1680 1288 1747 dice·

143 1803 214 1848 mus
237 1782 396 1850 Asiaticos
420 1790 453 1850 et
474 1785 658 1868 Libyaticos
683 1786 836 1852 homiues.

92 1898 120 1948 15
227 1888 276 1950 31.
300 1883 390 1962 Quae
411 1886 570 1952 vocabula
592 1884 738 1953 dicuntur
759 1906 780 1950 a
798 1887 916 1970 verbis,
938 1886 1018 1953 fiunt
1032 1889 1067 1952 ut
1084 1883 1288 1952 ascribendo
1310 1886 1330 1965 ἓ
1353 1887 1393 1948 57

144 1986 299 2069 Scriptor,
335 2005 356 2050 a
380 1987 518 2066 legendo
541 1988 664 2054 Lector.
688 1988 768 2054 haec
791 2007 917 2070 quoque
939 2010 1002 2055 non
1024 2007 1154 2055 servare
1176 1985 1288 2053 simili·
1435 1995 1437 2003 '

142 2087 286 2153 tudinem
317 2087 392 2154 licet
425 2089 535 2154 videre
568 2108 608 2154 ex
642 2088 706 2153 his:
741 2109 812 2155 cum
845 2089 990 2156 similiter
1023 2090 1147 2156 dicatur
1179 2092 1214 2154 ut
1246 2087 1289 2153 ab

144 2186 283 2255 amando
298 2188 441 2271 Amator,
463 2191 505 2255 ab
528 2191 697 2257 salutando
714 2189 887 2271 Salutator,
908 2211 929 2256 a
951 2190 1110 2257 cantando
1127 2189 1288 2272 Cantator,

144 2299 175 2358 et
197 2310 268 2355 cum
291 2289 414 2357 dicatur
428 2292 547 2358 Lassus
569 2313 639 2358 sum
662 2291 810 2359 metendo
832 2290 972 2375 ferendo,
996 2312 1037 2357 ex
1059 2291 1109 2357 his
1130 2290 1290 2358 vocabula

92 2409 121 2460 10
144 2413 206 2459 non
227 2392 365 2467 reddunt
385 2393 631 2478 proportionem,
655 2395 803 2478 quoniam
825 2415 888 2460 non
909 2392 945 2458 fit
966 2399 1001 2458 ut
1022 2394 1144 2459 Messor
1165 2393 1288 2457 Fertor.
1298 2405 1372 2456 (0134
1382 2403 1443 2457 sir-¹)

144 2495 245 2560 Multa
266 2498 339 2559 sunt
360 2493 438 2560 item
459 2493 493 2559 in
515 2495 577 2562 hac
597 2496 704 2580 specie
725 2496 758 2561 in
779 2496 894 2578 quibus
908 2495 1014 2579 potius
1030 2491 1290 2560 consuetudinem

144 2599 306 2679 sequimur
329 2616 424 2678 quam
446 2598 601 2663 rationem
625 2598 801 2664 verborum.
859 2599 1030 2664 Praeterea
1057 2617 1130 2663 cum
1158 2595 1221 2661 sint
1248 2595 1290 2661 ab
1312 2595 1333 2673 5
1354 2596 1394 2659 58

146 2697 258 2765 eadem
274 2697 395 2782 origiue
410 2699 581 2765 verborum
603 2692 762 2766 vocabula
784 2698 952 2764 dissimilia
973 2699 1179 2784 superiorum,
1203 2694 1290 2782 quod
1491 2685 1495 2694 ’

145 2800 239 2866 simul
261 2800 382 2866 habent
404 2818 497 2866 casus
519 2806 552 2866 et
573 2808 732 2886 tempora,
765 2818 828 2882 quo
857 2806 1011 2866 vocantur
1039 2799 1225 2885 partieipia,
1260 2803 1292 2864 et

95 2918 123 2969 rs
146 2903 248 2968 mults
268 2901 331 2968 sint
353 2901 514 2969 contraria
535 2908 569 2968 ut
590 2904 689 2968 Amor
709 2904 809 2985 Amo,
842 2902 924 2968 Seco
947 2902 1061 2985 Secor,
1091 2902 1132 2967 ab
1155 2902 1237 2967 Amo
1260 2905 1293 2967 et

146 3003 302 3070 eiusmodi
336 3003 484 3071 omnibus
517 3003 625 3070 verbis
658 3004 799 3070 oriuntur
834 3022 987 3089 praesens
1020 3009 1053 3068 et
1087 3003 1226 3070 futurum
1261 3010 1293 3069 et

146 3225 268 3293 λογικῶς
284 3221 372 3290 vulg.
392 3238 430 3277 ex
446 3222 478 3276 B.
498 3253 531 3262 -
549 3226 640 3278 essent
658 3238 730 3277 corr.
749 3238 787 3276 ea
803 3225 876 3276 osset
893 3220 917 3274 F
935 3224 1052 3290 (droth),
1070 3226 1143 3278 esset
1160 3220 1184 3274 F
1203 3219 1291 3286 (Keil).

146 3336 179 3345 —
200 3311 212 3360 1
231 3304 346 3373 pellaris
362 3305 500 3362 Laetus.
527 3338 560 3346 —
587 3306 769 3371 9Alba10m.
790 3305 985 3377 Scioppius.
1012 3338 1046 3346 -
1072 3307 1243 3368 Parmenses]
1262 3307 1294 3357 ut

147 3389 316 3458 Parmenses,
334 3390 467 3446 Albenses
484 3392 633 3447 Romenses
651 3390 787 3446 Muller.
814 3385 895 3460 ‘fort
914 3396 979 3447 sunt
996 3391 1094 3446 Parma
1111 3391 1206 3457 Roma,
1225 3383 1297 3442 Par?

147 3490 252 3528 menses
275 3469 436 3529 Romenses'
461 3476 533 3547 LSp.
562 3507 595 3517 -
623 3481 654 3531 10
673 3480 701 3531 et
724 3480 751 3540 a]
774 3479 806 3531 ut
829 3491 846 3530 a
867 3475 1006 3531 Mdller.
1034 3506 1067 3515 —
1096 3479 1127 3529 11
1145 3490 1216 3528 unus
1240 3488 1293 3527 om.

147 3559 235 3626 vulg.
254 3575 292 3613 cx
308 3559 341 3612 B.
368 3590 402 3598 —
429 3562 461 3613 13
479 3560 547 3615 libis
564 3560 596 3614 F.
616 3591 649 3601 -
668 3566 701 3615 14
717 3560 855 3617 libisticos
876 3560 908 3614 F.
937 3592 969 3601 -
1000 3567 1031 3616 15
1049 3562 1188 3615 ducuntur
1207 3556 1293 3625 vulg.

147 3661 185 3699 ex
202 3644 234 3698 B.
260 3639 337 3712 ‘fort
356 3644 484 3700 dicuntur
501 3649 542 3712 et,
570 3646 625 3700 nisi
640 3641 699 3700 del?
718 3645 790 3716 LSp.
810 3676 842 3685 -
860 3644 940 3712 fiunt]
959 3645 1022 3700 olim
1040 3644 1092 3700 del.
1112 3645 1185 3712 usp,
1203 3635 1300 3695 Mul·'

120 3728 205 3784 ,len
224 3744 275 3798 cpe
293 3727 457 3799 interpratur·
466 3735 534 3801 port
550 3731 645 3785 lector.
664 3761 696 3770 -
717 3734 748 3785 18
766 3727 838 3799 ‘jort
856 3746 874 3785 a
892 3730 1050 3786 cantitando
1068 3727 1223 3784 cantitatur
1239 3740 1297 3779 non

147 3807 203 3868 est’
227 3813 303 3881 LSp3
330 3828 384 3867 non
408 3816 535 3869 canmtar
558 3815 612 3868 iam
636 3812 750 3885 Popma.
775 3832 812 3869 an
835 3815 895 3885 fuit
911 3832 929 3871 a
947 3814 1082 3870 cantando
1105 3815 1202 3866 cantor
1226 3808 1297 3875 (scil.

148 3896 277 3965 dicitur)?
295 3897 373 3966 conf.
392 3897 564 3954 Stuenkel
580 3915 607 3968 p.
628 3902 668 3954 18.
695 3929 729 3938 -
756 3903 788 3954 10
806 3901 959 3956 redduntur
975 3897 1154 3968 proportione
1171 3893 1297 3964 Sciop-

146 3983 234 4052 pius.
256 4013 286 4020 -
304 3983 441 4050 quoniam]
460 3984 531 4053 LSp.
550 3984 627 4053 coos.
644 4000 672 4052 p.
689 3987 798 4052 184,10,
816 3985 889 4052 quod
905 3985 1005 4052 vulg,
1023 3997 1076 4051 quo
1095 3979 1128 4032 F.
1147 4007 1181 4019 -
1198 3977 1243 4046 fit]
1263 3977 1300 4033 sit

148 4067 210 4122 ΜΒ
228 4066 314 4135 vulg.
332 4097 367 4106 -
386 4071 417 4121 11
429 4075 555 4137 preterea
572 4068 604 4123 F.
624 4099 658 4107 —-
676 4071 707 4122 23
720 4063 796 4137 ‘fort
816 4059 1016 4139 superioribus'
1030 4066 1101 4134 LSp.
1122 4093 1155 4102 —
1174 4067 1206 4117 15
1218 4057 1298 4132 ‘fort

148 4169 209 4207 amo
227 4167 311 4218 amor,
328 4152 388 4221 lego
405 4148 492 4221 leger‘
518 4153 589 4223 LSp.
616 4183 650 4192 -
676 4156 709 4206 16
727 4156 755 4207 et
776 4156 937 4208 amansuets
957 4154 1081 4206 maturus
1105 4146 1244 4216 FVMp.
1269 4149 1300 4200 ut

149 4252 243 4292 amaus
261 4236 437 4292 Bentinus.
