3038 5048
207 315 269 377 206
559 315 673 373 LIBER
688 315 820 375 NONUS.
855 318 1002 387 §to-38.

207 490 285 571 sint,
315 495 348 556 ιι
369 489 598 557 declinationes
620 489 789 557 verborum
811 486 1080 572 innumerabiles,
1111 486 1301 555 dicendum
1329 492 1370 555 est

54 603 279 659 o-crsroesse
294 590 326 657 in
341 589 391 657 his
406 591 581 675 analogias.
624 609 729 676 neque
743 590 817 659 ideo
831 592 941 658 statim
961 610 1002 659 ea
1021 589 1057 656 iu
1079 590 1246 658 omnibns
1268 590 1367 657 verba

208 699 257 760 est
271 691 449 776 sequenda,
465 714 540 760 nam
555 692 584 759 si
598 711 662 776 qua
671 713 838 778 perperam
850 691 1023 759 declinavit
1033 691 1145 758 verba
1156 689 1363 774 consuetudo,

207 801 242 859 ut
257 813 297 861 ea
310 794 404 861 aliter
418 795 487 862 sine
502 793 679 864 offensione
694 795 863 863 multorum
888 790 1013 879 [efferri
1030 811 1094 856 noa
1111 789 1279 877 possintl,
1301 791 1364 860 bino

207 894 362 962 rationem
384 897 552 964 verborum
575 896 889 982 praetermittendam
910 892 1049 965 ostendit
1071 893 1242 977 loquendi
1264 893 1352 961 ratio.
1378 909 1389 957 ι

294 1000 345 1064 28.
383 996 477 1076 Quod
498 997 541 1063 ad
563 998 745 1067 universam
767 999 904 1083 pertinet
926 1014 1072 1080 causam,
1100 1015 1164 1063 our
1185 993 1363 1063 similitudo

102 1091 371 1182 secernitis
405 1099 549 1168 oratione
577 1104 611 1165 et
639 1098 757 1168 debeat
792 1099 958 1166 observari
986 1102 1019 1164 et
1046 1116 1148 1182 quem
1185 1097 1235 1164 ad
1274 1097 1365 1165 linem

210 1220 352 1285 quoque,
385 1202 464 1268 satis
487 1201 616 1269 dictum
661 1201 767 1281 Quare
790 1201 876 1284 quod
898 1198 1040 1283 seqnitur
1060 1198 1102 1265 de
1124 1198 1287 1284 pentibus
1308 1200 1364 1266 sin·

207 1302 292 1386 gulis
324 1301 475 1389 deinceps
503 1303 711 1387 expediemus
740 1323 779 1370 ac
807 1303 934 1387 singula
964 1299 1097 1369 crimina
1127 1320 1220 1384 quae
1257 1300 1366 1369 dicunt

210 1400 343 1491 [contra]
378 1404 544 1488 analogias
576 1406 746 1473 solvemus.
805 1407 840 1471 ln
869 1425 932 1487 quo
961 1400 1216 1472 animadvertito
1253 1409 1368 1473 natura
1384 1417 1405 1467 ιι

101 1505 122 1585 ξ
144 1507 184 1569 37
209 1505 449 1591 quadruplicem
472 1525 543 1574 esse
565 1508 700 1574 formam
722 1506 764 1574 ad
788 1525 884 1588 quam
906 1507 940 1572 in
962 1503 1155 1573 declinando
1178 1525 1366 1574 aooommo·

209 1608 279 1675 dari
294 1606 434 1675 debeant
449 1609 557 1694 verba,
581 1606 668 1693 quod
689 1608 807 1676 debeat
828 1608 961 1675 subesse
981 1627 1033 1675 res
1054 1624 1138 1691 quae
1162 1605 1366 1692 designetur,

55 1714 297 1777 caussaretur
320 1709 485 1777 euresin
507 1729 582 1793 usu,
615 1715 646 1777 et
673 1715 708 1776 ut
734 1710 823 1777 vocis
851 1717 965 1776 natura
993 1727 1033 1776 ea
1060 1708 1102 1775 sit
1123 1726 1212 1790 quae
1243 1709 1368 1794 signiti-

209 1811 303 1894 cavit,
326 1816 361 1877 ιιι
383 1810 537 1879 declinari
559 1812 670 1897 possit,
692 1818 724 1878 et
740 1809 938 1897 [similitudo]
957 1810 1059 1895 ligura
1079 1809 1175 1877 verbi
1196 1815 1236 1878 ut
1261 1811 1309 1879 sit
1331 1830 1368 1879 ea

209 1930 293 1992 quae
315 1931 356 1979 ex
378 1932 413 1979 ιι
435 1912 598 1981 declinata
619 1933 720 1997 genus
742 1915 878 2000 prodere
900 1919 1020 1981 certum
1041 1911 1152 1998 possit
1211 1911 1291 1992 Quo
1314 1925 1409 1979 nou

105 2014 125 2094 ὃ
147 2016 187 2080 38
210 2032 272 2095 que
294 2033 315 2079 a
337 2023 421 2082 terra
443 2016 560 2082 Terrus
582 2019 617 2082 ut
638 2013 763 2082 dicatur
784 2014 1010 2101 postulandum
1033 2021 1097 2098 est,
1129 2014 1220 2096 quod
1248 2017 1367 2082 natura

207 2135 271 2183 non
291 2118 413 2202 subest,
435 2117 524 2185 utin
547 2117 609 2186 boc
630 2119 765 2184 alterum
787 2119 895 2202 maris,
921 2117 1056 2184 alterum
1077 2116 1219 2183 feminae
1243 2115 1367 2184 debeat

209 2237 295 2303 esse,
320 2215 386 2306 [sie]
409 2239 513 2302 neque
534 2224 664 2304 propter
686 2239 792 2302 usum,
823 2226 858 2285 ιιι
879 2218 1046 2287 Terentius
1068 2215 1229 2302 significat
1252 2237 1364 2302 unum,

208 2322 317 2406 plures
346 2322 504 2405 Terentii,
537 2320 764 2404 postulandum
794 2328 858 2405 est,
892 2327 927 2388 ut
954 2321 1002 2387 sie
1031 2318 1174 2385 dioamrm
1203 2319 1304 2387 Faba
1334 2323 1366 2386 et

207 2422 331 2507 Fabam
366 2444 429 2490 non
458 2421 542 2489 enim
565 2423 597 2489 in
620 2423 717 2489 simili
738 2442 798 2489 usu
820 2427 1001 2505 utrumque3
1036 2440 1139 2503 neque
1161 2426 1197 2486 ut
1220 2420 1365 2489 dicimus
1385 2435 1412 2485 lo

208 2525 249 2591 ab
279 2525 446 2591 Terentius
468 2525 669 2606 Terentium,
703 2523 749 2590 sic
778 2523 1002 2608 postulandum
1030 2530 1064 2590 ut
1093 2521 1290 2590 inclinemus
1322 2525 1365 2588 ab

291 2674 323 2730 F.
342 2674 389 2729 fol.
408 2678 440 2729 25
459 2674 547 2745 possit
563 2678 591 2730 et
608 2715 615 2729 .
635 2715 642 2728 .
661 2672 790 2729 lominum

293 2831 304 2880 1
326 2827 362 2883 sit
378 2827 405 2881 H
423 2828 455 2894 tl)
473 2827 503 2882 M
521 2828 663 2883 Laetus.
682 2858 714 2866 —
734 2821 817 2898 ‘fort
836 2826 979 2882 verborum
995 2825 1134 2881 naturales
1152 2841 1214 2880 esse
1231 2825 1362 2882 innume·

205 2911 358 2967 rabilem..
373 2906 700 2982 analogian'LSp.verb.
714 2911 854 2968 naturales
873 2911 925 2965 dio.
944 2914 986 2966 est
1003 2925 1063 2965 esse
1081 2913 1118 2974 [et
1135 2913 1204 2973 esse]
1225 2910 1359 2967 Christ.

206 3024 238 3032 -
266 2998 281 3046 2
304 2995 456 3063 analogiam
480 2996 565 3065 vulg.
593 3027 626 3036 -
653 3012 700 3052 eas
718 3037 725 3051 .
745 3035 752 3049 .
771 3011 831 3050 esse
857 2995 1007 3063 sequendas
1030 3011 1057 3064 p.
1085 3025 1117 3036 -
1143 2998 1160 3048 4
1182 2993 1276 3049 efferri
1299 3011 1360 3051 non

203 3077 318 3146 possint]
341 3078 446 3132 addidit
469 3080 575 3135 Aldus
593 3086 661 3151 post
684 3080 763 3135 aliter
782 3080 890 3152 posita,
915 3088 980 3151 post
1001 3080 1147 3135 multorum
1168 3081 1265 3150 posuit
1282 3080 1357 3152 LSp.

205 3162 258 3217 old.
277 3163 293 3230 ξ
308 3165 339 3215 16
356 3169 384 3217 et
400 3167 423 3215 5.
442 3194 475 3201 -
494 3163 665 3230 orationem]
682 3180 708 3232 a,
727 3165 876 3219 orationem
894 3164 926 3217 F.
944 3194 979 3203 -
993 3157 1072 3236 ‘fort
1094 3167 1163 3220 haee
1180 3163 1209 3218 in
1227 3165 1358 3221 oratione

203 3248 286 3306 verba
309 3247 552 3316 praetermittenda
575 3264 636 3304 esse
660 3250 778 3304 ostendit
801 3248 877 3318 quod
898 3247 994 3303 melius
1017 3249 1123 3304 videtur
1146 3264 1229 3319 qaum
1255 3251 1358 3305 horum

205 3333 355 3391 orationem
373 3333 415 3389 vel
431 3328 693 3402 pronuntiationem‘
710 3333 781 3401 LSp.
807 3333 875 3403 fort.
895 3334 1104 3391 declinationem
1122 3349 1179 3406 pro
1200 3334 1267 3388 hino
1291 3349 1357 3391 ora·

203 3421 312 3476 tionem.
330 3449 366 3458 -
383 3423 397 3471 1
412 3410 535 3488 ‘queml'
556 3417 627 3486 LSp.
645 3448 677 3457 —
697 3420 712 3471 9
731 3417 860 3488 deluceps
878 3418 902 3473 F
924 3418 1039 3485 (droth).
1058 3449 1092 3458 -
1112 3423 1143 3474 10
1162 3421 1268 3484 contra]
1288 3419 1355 3474 add.

203 3506 264 3574 LSp
282 3503 343 3559 coll.
361 3521 389 3574 p.
410 3507 468 3571 196,
486 3507 527 3572 21,
550 3503 580 3556 in
597 3501 660 3558 aad.
679 3501 763 3571 vulg.
781 3519 820 3558 ex
836 3505 867 3557 B.
886 3503 935 3558 sed
952 3504 1091 3573 analogias
1107 3504 1176 3574 sort.
1195 3520 1252 3574 pro
1269 3520 1354 3575 gerse·

204 3592 259 3646 tivo
276 3588 471 3662 aceepierrdam.
488 3619 522 3628 -
542 3591 572 3643 12
591 3586 708 3642 debeant
725 3604 750 3642 a.
769 3619 803 3628 -
820 3604 918 3658 resque
936 3589 1111 3657 designentur
1127 3589 1160 3656 F,
1177 3589 1263 3660 prius
1279 3605 1355 3644 corr.

202 3673 474 3742 Rholandellus,
490 3673 628 3744 posterius
643 3673 776 3729 Laetus.
795 3704 829 3715 -
849 3678 879 3730 13
898 3679 929 3729 ut
946 3691 979 3729 ea
996 3679 1049 3738 res]
1069 3673 1155 3740 GHa,
1173 3677 1205 3728 ut
1221 3687 1300 3728 cares
1318 3672 1354 3743 F,

202 3761 239 3817 sit
256 3763 284 3816 et
301 3775 344 3814 res
362 3774 389 3829 p,
416 3759 452 3814 ιιι
469 3773 503 3814 ea
519 3773 564 3812 res
581 3757 718 3814 Laetus.
745 3790 779 3799 —
804 3755 884 3828 ‘fort
907 3759 937 3813 in
959 3775 1011 3814 usu
1035 3752 1083 3815 sit’
1106 3758 1177 3827 LSp.
1196 3757 1232 3812 sit
1247 3757 1279 3811 in
1295 3773 1353 3813 usu

203 3844 331 3900 Christ.
357 3875 391 3883 -
417 3861 488 3915 quae
504 3843 534 3899 id
552 3842 715 3913 significavit
732 3843 865 3899 Miller.
887 3838 990 3898 ‘malim
1014 3844 1107 3900 obesse
1125 3842 1288 3912 significarit
1305 3836 1352 3899 ut’

201 3929 274 4000 LSp.
301 3960 335 3969 -
363 3934 395 3984 14
412 3929 558 3985 similitudo
577 3928 628 3984 del.
650 3929 727 3984 Ant.
751 3929 881 3984 Miller.
900 3959 933 3968 -
951 3928 1054 3997 figurae
1072 3927 1204 3984 Mltller.
1227 3925 1308 3999 ‘sort
1326 3928 1353 3983 si

201 4013 349 4070 similitudo
368 4015 410 4071 cel
424 4015 454 4069 in
470 4007 570 4085 figura’
582 4013 655 4083 LSp.
673 4045 707 4054 -
727 4018 757 4068 15
776 4013 922 4079 declinato]
941 4014 1011 4083 LSp,
1030 4012 1167 4069 declinata
1182 4012 1215 4067 F.
1234 4042 1264 4052 -
1283 4027 1351 4084 pos-

201 4102 266 4153 sunt
283 4100 316 4168 F,
334 4115 405 4155 corr.
423 4099 650 4170 Augustinus.
668 4128 702 4138 -
722 4102 753 4153 18
771 4099 821 4163 sie]
839 4099 950 4154 seclusit
965 4097 1037 4168 LSp,
1060 4098 1099 4167 cf.
1117 4097 1271 4166 Madvig,
1291 4097 1348 4153 (lio.

201 4183 293 4238 defin.
309 4202 337 4254 p.
351 4188 400 4240 808
412 4185 455 4239 ed.
469 4188 493 4238 2.
511 4215 544 4224 -
563 4188 595 4239 20
614 4183 694 4239 simili
711 4189 773 4249 usu]
790 4184 863 4254 LSp,
881 4183 994 4239 similius
1006 4182 1038 4250 F,
1056 4181 1188 4239 similibus
1206 4183 1348 4238 Laetus.

200 4298 233 4307 -
252 4271 283 4322 21
298 4262 380 4338 ‘fort
399 4268 570 4339 Terentium,
587 4269 781 4340 postulandum
797 4272 830 4324 ut
846 4268 887 4323 sio
905 4266 1069 4323 declinemus
1088 4269 1113 4320 Δ
1131 4271 1159 4322 ιι
1176 4261 1214 4321 B‘
1231 4267 1304 4339 LSp.
