3038 5048
279 300 320 357 94
622 297 736 352 LIBER
754 296 903 352 SEXTUS.
939 299 956 364 5
976 301 1085 351 59-111.

130 483 207 536 lucu
214 482 270 535 suo
279 469 333 537 Sic
354 470 395 535 ab
420 467 533 535 eadem
556 469 678 554 origine
701 469 836 535 Novitas
858 474 890 536 et
912 468 1064 535 Novicius
1087 471 1119 533 et
1135 464 1270 532 Novalis
1293 464 1325 529 in
1348 486 1429 550 agro

278 579 310 638 et
324 573 391 638 Sub
407 571 507 638 Novis
533 571 620 638 diota
641 592 715 657 pars
737 572 770 637 in
792 574 859 638 loro
884 569 1109 655 aedificiorum,
1133 566 1218 652 quod
1233 569 1429 635 vocabulum

278 674 308 740 ei
342 678 560 758 pervetustum
595 680 629 739 ut
661 674 773 741 Novae
806 675 900 758 Viae,
934 693 1017 756 quae
1049 674 1104 739 via
1135 673 1200 738 iam
1233 672 1289 738 diu
1322 678 1426 740 vetus.

171 780 254 858 §60
277 776 327 842 Ab
352 797 389 843 eo
413 795 539 859 quoque
569 782 675 861 potest
697 774 816 842 dictum
838 776 1030 861 Nominare,
1064 775 1150 858 quod
1178 795 1229 841 res
1258 794 1365 840 novae
1391 775 1426 840 in

276 897 368 944 usum
385 899 481 962 quom
497 879 592 944 modo
608 876 738 944 additae
760 883 860 962 erant,
884 879 999 962 quibus
1021 899 1077 945 eas
1098 878 1270 961 novissent,
1293 878 1459 944 nominas

275 981 444 1064 ponebant.
488 981 540 1047 Ab
568 1001 606 1048 eo
633 980 825 1065 Nunoupare
854 982 939 1064 quod
968 988 1042 1047 tunc
1066 976 1156 1066 [pro]
1186 980 1317 1047 civitate
1349 987 1427 1048 vota

277 1102 361 1147 nova
394 1083 615 1168 suscipiuntur.
660 1083 851 1168 Nunoupare
885 1083 1048 1149 nominare
1081 1084 1189 1150 valere
1222 1088 1360 1167 apparet
1390 1083 1426 1149 in

275 1184 415 1269 legibus,
450 1186 505 1251 ubi
526 1200 777 1256 NUNOUPATAE
795 1199 984 1255 PEcUNIAE
1007 1192 1080 1251 sunt
1101 1185 1255 1270 scriptae,
1289 1187 1369 1253 item
1391 1187 1426 1252 in

275 1286 370 1353 choro
392 1288 425 1353 in
448 1306 509 1369 quo
533 1293 596 1355 est:

336 1390 488 1456 Aenea!
518 1392 606 1472 quis
629 1387 677 1478 [is]
701 1390 851 1475 estqui
873 1409 997 1456 meum
1018 1410 1159 1456 nomen
1180 1391 1411 1475 nuncupat?
1446 1401 1471 1451 ιο

273 1492 353 1556 Item
375 1492 408 1557 in
432 1491 542 1559 Medo:

128 1612 270 1665 (nassau
345 1593 443 1671 Quis
466 1601 587 1678 tues,
610 1595 770 1679 mulier,
794 1615 893 1679 quae
916 1616 973 1661 me
996 1594 1157 1661 insueto
1180 1595 1424 1679 nuncupasti

1149 1698 1335 1764 nomine?

168 1804 188 1881 ξ
211 1807 249 1866 61
273 1799 354 1864 Dico
383 1799 537 1880 originem
565 1800 663 1867 habet
689 1820 854 1884 graecam,
889 1798 975 1882 quod
1003 1799 1119 1866 Graeci
1146 1798 1292 1866 δεικνύω.
1338 1800 1421 1867 Hinc

273 1899 407 1966 Ennius:
1442 1914 1467 1964 15

337 2002 435 2069 Dico
458 2004 525 2085 qui
548 2059 553 2072 .
578 2057 616 2072 ..

272 2106 355 2172 Hinc
378 2105 494 2192 dicare,
517 2108 591 2174 hinc
605 2108 760 2189 Iudicare,
784 2105 869 2189 quod
892 2113 967 2172 tunc
987 2106 1036 2171 ius
1059 2105 1197 2189 dicatur;
1220 2106 1295 2172 hinc
1314 2106 1417 2173 Iudex

271 2308 402 2364 Varronis
421 2326 455 2364 ex
472 2311 542 2367 libro
561 2313 594 2365 de
611 2311 705 2380 lingua
727 2309 814 2363 latina
837 2309 871 2362 ad
890 2307 1048 2362 Ciceronem
1074 2311 1150 2362 sexto
1176 2308 1416 2362 demonstrandum

269 2396 373 2465 putavi.
408 2395 487 2462 Quod
512 2401 676 2464 extremum,
701 2395 804 2463 inquit,
831 2394 987 2460 dicebatur,
1015 2392 1069 2446 dici
1090 2392 1266 2447 novissimum
1289 2399 1416 2463 coeptum

270 2481 363 2548 vulgo,
380 2483 453 2548 quod
470 2498 530 2535 mea
547 2481 677 2535 memoria
694 2485 725 2534 ut
741 2479 835 2534 Aelius
854 2480 893 2533 sic
912 2495 991 2534 senes
1009 2479 1069 2545 alii,
1096 2479 1168 2545 quod
1185 2479 1298 2532 nimium
1315 2495 1416 2534 novum

269 2565 381 2619 verbum
399 2570 480 2633 esset,
497 2566 633 2633 vitabant3
656 2564 734 2619 cuius
753 2563 827 2633 origo
846 2569 878 2619 ut
895 2581 912 2618 a
929 2569 1020 2619 vetere
1037 2564 1172 2619 vetustius
1190 2580 1224 2619 ac
1240 2565 1415 2620 veterrimum

270 2650 309 2704 sic
327 2666 344 2703 a
361 2666 430 2705 novo
449 2651 614 2704 declinatum
631 2650 727 2703 novius
746 2653 773 2703 et
792 2650 976 2704 novissimum.
1011 2645 1117 2704 ‘Varro
1144 2649 1305 2720 simpliciter
1326 2653 1416 2722 scrip·

268 2735 336 2788 sisse
353 2734 459 2790 uidetur
476 2738 508 2789 ut
520 2751 537 2788 a
548 2739 639 2789 vetere
650 2734 823 2789 veterrimum
842 2735 881 2789 sic
898 2736 933 2789 ab
950 2751 1020 2790 novo
1039 2734 1205 2789 declinatum
1223 2734 1413 2790 novissimum’

268 2819 339 2888 LSp.
357 2851 391 2858 -
411 2825 423 2874 1
442 2819 563 2874 nouitius
581 2819 675 2873 libri.
694 2850 722 2858 —
745 2819 773 2872 in
791 2835 856 2888 agro
875 2835 926 2874 om.
944 2821 1031 2888 vulg.
1043 2837 1080 2875 ecc
1090 2821 1120 2874 Β.
1145 2816 1224 2888 ‘fort
1242 2820 1320 2890 ager’
1341 2820 1413 2891 LSp.

269 2935 301 2944 —
320 2907 336 2957 2
356 2905 416 2969 sub]
435 2904 549 2958 subinde
566 2906 598 2959 Β.
622 2935 656 2942 -
685 2909 699 2958 3
718 2904 752 2968 ei]
772 2904 830 2958 eius
849 2905 988 2960 Laetus.
1006 2936 1041 2945 —
1058 2909 1252 2974 pervetustum]
1271 2906 1414 2976 Laetus,

267 2991 300 3057 B,
317 2993 493 3059 peruetustus
512 3005 537 3057 a,
554 2993 729 3058 peruetustas
749 2991 866 3045 ceteri.
889 2985 964 3058 ‘fort
983 2992 1056 3059 quod
1073 2991 1244 3059 vocabulum,
1262 2992 1298 3056 (ei
1315 3009 1413 3062 pervc-

267 3078 425 3142 busacius)
449 3078 480 3128 ut
500 3072 600 3130 novae'
619 3075 690 3144 LSp.
718 3107 751 3114 —
779 3081 893 3144 bquom
909 3077 998 3140 modo]
1021 3077 1137 3146 scrspsr',
1163 3078 1296 3144 quomodo
1320 3079 1413 3134 libri.

267 3176 349 3228 quom
375 3161 457 3238 datae
483 3159 682 3229 Scioppius,
714 3155 791 3230 ‘fort
824 3177 905 3229 quom
931 3153 1034 3215 editae'
1066 3160 1137 3230 LSp.
1168 3193 1202 3202 —
1231 3163 1339 3232 quibus]
1366 3165 1413 3234 qui

267 3245 466 3315 Scioppius.
486 3275 518 3282 —
537 3260 569 3298 ea
586 3244 680 3311 libri,
698 3260 770 3298 corr.
789 3245 1003 3300 Vertranius.
1031 3274 1064 3283 -
1092 3251 1107 3300 6
1125 3243 1202 3315 ‘fort
1220 3244 1412 3319 imponebant'

267 3332 336 3401 LSp.
355 3360 389 3370 -
406 3344 567 3397 nuncupare
584 3332 612 3382 et
629 3334 805 3399 nuncupatae
822 3347 866 3385 res
885 3330 957 3398 quod
974 3329 1060 3397 vulg.
1071 3347 1109 3385 eoo
1119 3334 1153 3386 Β.
1172 3363 1204 3371 -
1222 3350 1272 3403 pro
1291 3335 1411 3401 civitate]

266 3416 338 3486 LSp‚
357 3415 461 3470 civitati
478 3414 568 3469 idem
586 3414 659 3479 oliuu,
678 3414 791 3470 ciuitate
808 3415 900 3469 libri.
920 3447 952 3454 —
971 3419 986 3469 8
1003 3415 1033 3468 in
1046 3419 1138 3482 choro]
1151 3418 1258 3472 Ennius
1276 3421 1307 3473 in
1317 3419 1411 3476 Rheso

267 3502 389 3557 Christ
406 3500 501 3555 deletis
517 3499 582 3554 lrinc
600 3499 707 3553 Ennius
726 3501 787 3554 dico
806 3501 852 3569 qui
871 3505 886 3568 ξ
901 3505 941 3554 61.
960 3531 994 3540 —
1014 3506 1044 3556 10
1063 3503 1132 3571 quis]
1150 3503 1223 3558 enim
1239 3504 1316 3560 addit
1333 3506 1368 3575 H,
1385 3509 1410 3562 is

267 3588 420 3643 Grotius.
445 3585 521 3654 conf.
539 3584 637 3639 Ribb.
656 3589 689 3639 tr.
708 3585 827 3641 fr.²inc.
845 3587 898 3642 inc.
920 3593 942 3641 1.
970 3618 1004 3627 -
1032 3594 1061 3643 11
1081 3589 1173 3654 Medo]
1191 3591 1301 3646 Aldus
1319 3592 1410 3662 (nup),

265 3673 365 3728 Medea
381 3673 471 3740 vulg.
489 3688 527 3726 ecs
544 3672 576 3739 B,
593 3671 682 3725 medio
700 3671 794 3725 libri.
813 3674 891 3741 conf.
908 3672 1006 3728 Ribb.
1024 3674 1089 3730 Pac.
1107 3692 1135 3731 v.
1154 3680 1212 3730 239.
1230 3676 1284 3730 uid.
1304 3676 1410 3732 auvll

265 3759 281 3825 ξ
301 3764 341 3812 34.
368 3789 402 3797 -—
430 3758 550 3825 ildico]
569 3753 645 3827 ‘fort
665 3752 768 3811 dicerc'
788 3759 858 3827 LSp.
882 3760 959 3814 deico
978 3761 1079 3830 opinor
1096 3762 1138 3816 uel
1155 3762 1269 3817 deicere.
1297 3791 1332 3801 -
1358 3766 1409 3819 δει-

264 3838 350 3911 κνύω]
369 3843 412 3897 cel
428 3839 562 3900 δεικνύειν
572 3843 643 3911 LSp‚
662 3844 743 3896 etiam
760 3842 915 3899 Muller:
934 3839 1063 3914 ‘fortasse
1080 3840 1231 3903 detrusisse?
1250 3847 1409 3915 statues,

266 3931 367 3982 ΝιδιΚΘ
377 3929 416 3996 Μ,
435 3929 534 3983 lacuna
551 3929 578 3981 io
597 3929 701 3982 ceteris.
720 3924 824 3996 δικάζω
836 3928 1108 3999 Rholandellus,
1120 3936 1188 3987 duero
1196 3934 1229 3986 Β.
1248 3963 1282 3972 -
1302 3936 1333 3987 16
1345 3932 1407 3988 dico

264 4012 311 4078 qui
330 4052 336 4064 .
356 4054 362 4066 .
381 4014 445 4068 hinc
464 4015 565 4078 dicare]
584 4014 722 4082 Mdller,
741 4015 802 4069 dico
821 4015 868 4084 qui
884 4017 958 4070 hunc
976 4016 1069 4071 dicare
1085 4016 1177 4070 libri.
1201 4012 1409 4071 ‘interciderunt

258 4101 360 4166 poetae
371 4095 465 4152 cerba’
476 4099 547 4170 LSp.
566 4100 697 4170 scriptum
705 4101 794 4168 fuisse
803 4101 936 4156 nouimus:
954 4101 1026 4156 Hinc
1036 4101 1158 4155 Ennius:
1176 4099 1245 4154 Deic
1257 4101 1310 4166 (oct
1320 4101 1407 4169 deice)

263 4179 309 4247 qui
328 4181 444 4237 dcicare.
480 4185 552 4238 Hinc
570 4185 672 4240 dicare.
698 4217 731 4225 -
761 4192 790 4241 11
805 4194 872 4258 post
890 4189 983 4242 dicare
1000 4187 1105 4241 addunt
1122 4185 1254 4239 Laetus
1273 4186 1365 4256 cupit,
1383 4188 1406 4241 Β

262 4270 363 4336 potest.
378 4299 409 4306 —-
422 4269 540 4335 dicatur]
552 4267 629 4338 ‘sort
642 4263 755 4325 dicitur’
768 4272 833 4326 otim
846 4272 1031 4344 adscripscrat
1041 4271 1113 4339 LSp.
1132 4272 1209 4340 conf.
1223 4270 1297 4338 adp.
1309 4274 1404 4339 83,12.
