3038 5048
449 321 562 378 LIBER
580 322 747 391 qumvus.
783 325 911 391 ξ8-11.
1234 323 1252 380 5

107 493 185 560 faeit
205 484 277 560 eum
300 500 501 578 aegrotamus
524 492 674 560 medicus.
719 491 841 571 Quodsi
856 512 1013 560 summum
1035 493 1170 577 gradmn
1190 514 1253 560 non
1276 497 1295 575 ξ
1319 496 1338 558 9

108 599 255 682 attigero,
277 600 384 660 tamen
406 595 579 661 seeundum
601 595 792 679 praeteribo,
815 594 901 677 quod
922 615 986 663 non
1007 596 1110 661 solum
1124 592 1168 660 ad
1183 593 1252 659 Ari-

110 698 276 785 stophanis
304 698 466 764 lucernam
494 696 552 763 sed
581 697 742 764 etiamad
765 696 929 764 Cleanthis
957 695 1133 763 lucubravi.
1166 694 1257 792 {Q
1268 711 1298 761 o·
1309 711 1334 752 21
1348 710 1409 762 snb

111 799 363 886 praeterimus
370 847 379 882 ,
412 799 468 882 qui
488 797 1135 884 poetarum-modwenhantsins..fiota
1159 791 1253 882 expe·

71 900 207 986 tribunt.
240 900 409 967 nonenim
436 901 605 968 videbatur
634 905 880 966 consentaneum
907 920 1060 984 quaerere
1089 919 1139 966 me
1161 899 1194 966 in
1216 919 1254 965 eo

109 1002 208 1068 verbo
231 1001 483 1084 quodfinxisset
498 1002 620 1068 Ennius
636 1020 775 1085 eausam,
799 1002 969 1087 neglegere
991 1000 1077 1085 quod
1099 1007 1175 1067 ante
1197 1019 1255 1066 rex

110 1103 241 1169 Latinus
256 1102 410 1189 finxisset,
426 1125 496 1172 enm
509 1105 641 1190 poeticis
653 1103 761 1170 multis
773 1104 880 1171 verbis
891 1104 993 1187 magis
1005 1103 1146 1171 delecter
1156 1122 1253 1186 quam

108 1210 188 1286 utar,
210 1204 351 1288 antiquis
379 1207 481 1288 magis
503 1213 575 1273 utar
597 1225 694 1289 quam
722 1205 872 1272 delecter.
906 1226 947 1271 an
969 1225 1033 1271 non
1054 1205 1160 1290 potius
1181 1224 1255 1270 mea

108 1305 208 1371 verba
234 1306 293 1373 illa
321 1329 403 1394 quae
439 1307 615 1375 hereditate
649 1329 670 1373 a
699 1308 833 1374 Romulo
869 1327 946 1390 rege
972 1313 1128 1374 venerunt
1157 1326 1253 1389 quam

58 1417 87 1468 ro
109 1424 192 1486 quae
214 1426 235 1474 a
256 1418 353 1492 poeta
374 1410 466 1477 Livio
488 1410 624 1477 relieta?
667 1411 767 1495 Igitur
782 1408 932 1492 quoniam
953 1408 987 1474 in
1002 1409 1083 1476 haee
1104 1415 1179 1476 sunt
1200 1408 1253 1473 tri-
1276 1409 1296 1487 §
1321 1411 1359 1471 10

108 1508 225 1592 pertita
246 1511 355 1593 verba,
379 1530 461 1593 quae
482 1516 556 1579 sunt
578 1519 633 1577 aut
654 1519 763 1577 nostra
785 1518 840 1577 aut
862 1511 969 1578 aliena
990 1516 1045 1577 aut
1060 1511 1190 1594 oblivia,
1212 1509 1253 1577 de
1269 1524 1298 1575 tr·
1311 1523 1336 1564 2²
1349 1521 1409 1574 sut)-

108 1610 225 1675 nostris
247 1610 352 1677 dinam
374 1633 429 1679 our
450 1613 523 1698 sint,
546 1612 587 1681 de
610 1613 725 1680 alienis
745 1613 831 1679 unde
853 1613 926 1695 sint,
949 1611 990 1680 de
1013 1612 1140 1679 obliviis
1161 1612 1254 1679 relin-

109 1732 220 1797 quam,
255 1732 388 1795 quorum
420 1715 537 1799 partim
570 1714 647 1798 quid
678 1714 853 1781 invenerim
886 1721 942 1780 aut
970 1715 1080 1800 opiner
1108 1714 1255 1780 scribam.

108 1814 146 1881 In
168 1812 229 1879 hoe
250 1815 333 1882 libro
356 1815 462 1882 dioam
484 1815 526 1884 de
547 1815 714 1883 vocabulis
735 1817 876 1882 loeorum
900 1824 931 1883 et
947 1816 1079 1901 quaein
1099 1816 1149 1882 his
1171 1822 1253 1899 sunt,

56 1925 85 1976 15
106 1915 140 1980 in
163 1914 303 1982 secundo
325 1917 367 1983 de
389 1925 565 2002 temporum
581 1925 613 1984 et
627 1937 711 2001 qnae
726 1918 759 1982 in
773 1917 824 1984 his
846 1916 934 2000 fiunt,
957 1919 990 1984 in
1004 1918 1097 1985 tertio
1114 1918 1155 1984 de
1169 1924 1252 1984 utra-

109 2037 170 2100 que
191 2039 226 2085 re
248 2039 269 2083 a
290 2020 393 2104 poetis
415 2020 654 2105 comprehensa.

192 2119 394 2213 Pythagoras
417 2121 544 2187 Samius
567 2121 612 2187 ait
634 2121 774 2188 omnium
795 2141 902 2188 rerum
923 2121 1015 2188 initia
1030 2141 1101 2189 esse
1123 2120 1199 2188 bina
1220 2126 1255 2188 ut
1275 2125 1295 2202 ἓ
1319 2126 1356 2186 11

107 2218 231 2288 finitum
247 2226 279 2287 et
292 2220 457 2305 infinitum,
480 2224 598 2290 bonum
613 2231 645 2289 et
660 2224 788 2307 malum,
811 2223 912 2289 vitam
927 2230 958 2290 et
973 2229 1115 2305 mortem,
1130 2229 1254 2290 noetem

109 2331 141 2390 et
162 2323 256 2390 diem.
300 2323 407 2402 Quare
428 2325 505 2391 item
527 2325 591 2391 duo
613 2329 716 2390 status
731 2332 763 2391 et
778 2331 894 2409 motus3
922 2323 1007 2408 qnod
1025 2329 1088 2388 stat
1110 2328 1165 2390 aut
1186 2325 1252 2408 agi-

54 2437 87 2488 no
108 2430 200 2510 tatur,
223 2446 351 2510 eorpus;
374 2425 429 2492 ubi
444 2425 591 2510 agitatur,
614 2426 718 2510 loeus3
742 2426 819 2492 dum
834 2426 982 2511 agitatur,
1004 2432 1142 2508 tempus3
1168 2425 1254 2506 quod

106 2533 156 2593 est
170 2527 204 2592 in
218 2529 350 2610 agitatu,
366 2527 459 2593 aetio.
496 2526 745 2612 Quadripertitio
761 2528 864 2610 magis
877 2527 925 2596 sio
939 2526 1120 2613 apparebit:
1137 2546 1252 2610 eorpus

107 2633 218 2693 estut
246 2648 370 2711 cursor,
399 2629 488 2695 loeus
517 2628 656 2695 stadium
685 2648 748 2711 qua
775 2630 886 2712 currit,
922 2634 1048 2713 tempus
1076 2628 1155 2695 hora
1189 2647 1254 2711 qua

105 2826 163 2865 non
175 2809 292 2865 scientia
304 2811 459 2867 continetur
472 2853 478 2864 .
490 2853 496 2865 .
507 2851 515 2865 .
528 2814 564 2867 ad
578 2813 720 2867 scientiam
736 2828 793 2868 non
811 2829 894 2883 saepe
905 2813 1048 2883 perveniat
1064 2828 1135 2881 quae
1148 2813 1255 2883 opinio·

105 2911 155 2950 nos
167 2896 305 2950 hominum
317 2900 345 2951 et
357 2913 438 2966 saepe
450 2913 556 2952 errores
569 2893 739 2966 aucupetur.>
753 2897 824 2968 LSp.
834 2929 868 2936 -
888 2902 900 2952 1
914 2897 992 2965 facit]
1005 2915 1074 2968 mrp.
1088 2916 1116 2967 p,
1130 2899 1254 2967 Aldus,

105 2979 172 3036 fecit
179 2981 213 3050 F,
231 2980 308 3051 qnod
321 2981 491 3036 retinendum
503 2982 554 3038 oid.
569 2981 713 3038 Grothio
727 2982 788 3036 soll.
799 2982 831 3037 G.
843 2981 875 3036 T.
885 2984 919 3037 A.
930 2981 1062 3051 Krttger
1074 2982 1122 3062 lat.
1135 2983 1254 3040 Gramm.

106 3083 181 3151 §445
190 3084 270 3137 Anm.
282 3088 306 3137 2.
316 3114 351 3122 —
363 3087 517 3153 egrotamus
526 3082 558 3137 F.
568 3113 602 3123 -
621 3086 636 3136 2
648 3085 685 3138 ad
693 3083 896 3154 Aristophanis]
909 3059 1118 3154 adiistophanes
1130 3086 1154 3140 F
1167 3091 1194 3151 (a
1205 3092 1232 3141 et
1243 3087 1254 3141 i

106 3167 168 3221 add.
178 3185 211 3220 m.
223 3172 256 3233 2).
266 3199 300 3206 —
319 3172 335 3222 3
348 3167 462 3222 cleantis
471 3168 503 3222 1².
530 3169 571 3223 sie
585 3167 764 3222 distracturus
775 3174 836 3223 erut
848 3169 924 3240 LSp:
943 3168 1022 3237 Quod
1034 3185 1090 3224 non
1106 3211 1112 3224 .
1131 3211 1136 3223 .
1152 3212 1158 3224 .
1174 3171 1252 3226 luen·

104 3251 190 3320 bravi,
203 3250 284 3306 volui.
300 3282 334 3291 -
353 3256 367 3305 5
383 3268 514 3321 quaerere
525 3268 568 3308 me
583 3253 687 3321 vulg,
705 3269 789 3322 quare
800 3270 843 3308 me
854 3253 951 3321 libri,
970 3269 1067 3308 curare
1079 3271 1121 3309 me
1135 3255 1251 3310 Groth.

106 3335 168 3391 lieet
184 3337 266 3390 etiam
283 3353 414 3405 quaerere
431 3337 490 3392 sine
506 3353 601 3393 me-
619 3342 634 3391 9
651 3353 716 3406 rego
732 3355 784 3392 om.
803 3339 831 3392 ia
848 3355 936 3408 marp.
948 3337 1011 3392 odd.
1021 3338 1066 3393 F1.
1085 3370 1118 3379 —
1139 3345 1168 3394 10
1186 3339 1254 3394 libio

105 3420 151 3488 F¹,
174 3419 241 3475 linio
259 3422 296 3474 F²
318 3437 379 3474 oum
396 3423 501 3476 eeteros.
518 3420 709 3492 -tripertita
726 3427 784 3493 (per
801 3423 959 3494 compendio
976 3429 1039 3489 ser.)
1057 3423 1090 3492 F,
1112 3422 1253 3494 tripartita

106 3505 227 3560 ceteri.
254 3534 289 3543 -
317 3510 347 3559 13
367 3504 432 3574 quid
448 3505 597 3561 invenerim
615 3511 664 3562 aut
682 3507 785 3576 opiner]
810 3508 910 3579 scripsi
927 3507 993 3572 (soil.
1011 3507 1160 3563 invenerim
1178 3510 1253 3577 apud

105 3589 193 3658 alios),
217 3605 269 3658 quo
287 3589 327 3645 ita
343 3590 492 3646 invenerim
508 3590 549 3645 ita
567 3591 663 3661 opiner
680 3592 769 3647 libri.
805 3587 882 3662 ‘fort
902 3609 981 3662 quom
1004 3592 1044 3647 ita
1067 3592 1196 3647 invenero
1220 3597 1253 3650 ut

105 3670 213 3744 opiner’
227 3674 310 3743 usp,
332 3690 449 3743 quoram
464 3676 583 3745 primum
605 3677 714 3731 oerhton
737 3677 832 3745 vulg,
849 3684 992 3747 postrema
1013 3676 1068 3730 cluo
1087 3675 1250 3732 Rholand.

105 3759 229 3813 dedit-
249 3763 279 3813 lt
292 3757 380 3823 initia]
397 3757 534 3827 principia
551 3760 822 3828 Augustinus.—
842 3765 873 3816 18
887 3765 995 3816 noctem
1012 3764 1041 3816 et
1057 3759 1251 3831 diemeo‘p,

105 3843 176 3897 diem
194 3846 223 3898 et
239 3846 347 3898 noctem
366 3844 492 3912 ceteri,
509 3843 574 3897 item
591 3859 663 3898 corr.
682 3861 720 3899 ex
737 3848 845 3900 noctem
861 3849 890 3901 et
907 3846 979 3900 diem
996 3845 1029 3913 F,
1046 3844 1180 3915 siquidem
1198 3846 1251 3902 boe

104 3927 264 3998 significant
280 3926 351 3981 duae
368 3927 485 3981 lineolae
503 3931 566 3982 ante
582 3932 691 3985 noctem
713 3945 800 4000 sopra
823 3928 948 3995 additam
971 3930 1046 3986 deest
1068 3931 1140 3985 enim
1161 3931 1251 3988 altera

105 4011 207 4066 lineola
225 4016 288 4068 onte
306 4011 378 4066 diem
389 4010 529 4082 ponenda.
547 4042 580 4052 -
599 4018 630 4066 19
649 4018 677 4069 et
693 4017 791 4079 motus]
808 4009 880 4085 ‘post
903 4013 971 4069 baec
987 4015 1069 4070 oerlm
1086 4015 1194 4086 aliquid
1208 4017 1250 4072 in-

106 4094 244 4150 tercidisse
261 4096 367 4151 videtur
385 4095 457 4150 velut
474 4099 620 4166 utrumque
637 4094 875 4167 quadripertitnm’
896 4098 967 4167 LSp.
986 4128 1019 4136 —
1037 4102 1068 4154 21
1088 4101 1249 4171 quadriper-

102 4178 165 4237 titio
183 4179 216 4248 F,
242 4180 452 4252 quadripertitio
479 4181 594 4238 ceteri.
631 4181 723 4238 eadem
746 4183 866 4237 varietas
887 4200 914 4253 p.
934 4187 963 4252 6,
983 4188 1011 4250 1;
1037 4201 1065 4254 p.
1084 4188 1113 4254 8,
1132 4185 1197 4242 tal.
1215 4217 1249 4227 -

105 4268 137 4319 22
156 4267 256 4329 estut]
273 4261 350 4336 ‘fort
368 4261 427 4322 det’
447 4266 517 4337 Lsp.
536 4297 570 4307 -
597 4266 715 4324 stadium
738 4283 791 4336 quo
808 4267 946 4323 Laetus.
965 4299 998 4309 —
1022 4285 1077 4337 qna
1099 4270 1186 4327 eurrit
1198 4310 1205 4325 .
1219 4311 1248 4325 ..
