3038 5048
255 317 365 356 uxxvru
756 302 892 358 Praelatio.

339 475 359 554 ξ
385 479 421 534 16
448 476 559 533 Titania
581 477 656 533 diota
679 479 753 550 qnod
778 494 841 534 eom
866 479 964 552 genuit
991 486 1022 534 nt
1048 480 1080 536 ni
1102 479 1221 536 Plantae
1250 479 1344 536 lotoea
1373 487 1406 536 at

254 563 352 618 scribit
373 561 510 620 Manilius
534 568 574 618 est
597 570 744 619 ooeereato
767 564 872 633 titano,
904 570 935 619 nt
956 564 1029 619 idem
1057 565 1157 620 cenibil
1181 563 1294 622 latona
1318 566 1402 637 parii

255 654 335 703 costo
358 648 504 719 compleam
520 646 605 702 lovis
644 648 720 704 delio
742 649 792 706 dos
814 648 940 720 geminos
954 649 985 705 id
1000 656 1041 705 est
1055 649 1213 723 Apollinem
1228 656 1253 706 et
1268 649 1402 706 Dianam

254 732 296 789 dii
317 733 392 804 qnod
414 732 511 788 titanis
534 732 666 788 deliadae
693 734 798 790 eadem.

253 818 280 873 in
310 817 351 872 his
380 825 453 873 recte
481 824 628 872 ooeoreato
657 815 752 875 Miiller
786 817 897 873 mutavit
930 817 958 873 in
989 816 1060 873 Coeo
1090 826 1204 891 creato,
1242 817 1352 891 quod
1345 833 1403 891 ipse

254 903 383 968 videram,
407 903 453 959 sed
477 919 532 958 non
554 919 647 958 versus
669 910 734 958 sunt
755 901 849 966 verba,
877 902 949 975 quod
972 918 1023 975 ego
1045 903 1114 960 male
1136 903 1201 959 finxi
1221 911 1248 961 et
1269 901 1314 958 dle
1335 901 1404 958 reti-

252 989 320 1045 nuit.
351 987 493 1043 admodum
515 986 611 1042 mirum
633 996 673 1042 est
695 993 724 1041 al
746 988 777 1043 ni
798 986 919 1042 Plautus
943 985 973 1058 (ll
985 988 1084 1060 plante
1118 988 1194 1062 quod
1208 995 1250 1044 est
1272 986 1400 1059 plautae,

253 1089 307 1129 non
326 1072 419 1167 plant,
442 1079 472 1127 ut
495 1071 518 1126 tl
542 1069 640 1144 dedit);
665 1071 783 1144 quodsi
806 1070 888 1126 Varro
910 1088 940 1126 re
968 1088 1029 1127 vera
1057 1071 1151 1129 Plauto
1179 1081 1291 1130 auctore
1317 1071 1404 1128 utitur

253 1174 302 1214 uec
323 1157 408 1212 maior
429 1156 498 1212 inest
520 1156 670 1228 corruptio,
693 1155 720 1210 id
741 1156 776 1211 ad
797 1155 957 1213 vocabulum
974 1155 1045 1212 Lato
1068 1173 1117 1230 pro
1133 1156 1247 1213 Latona
1267 1155 1401 1229 pertinen

253 1251 308 1299 tum
331 1239 445 1297 fortasse
467 1256 522 1296 non
544 1239 751 1313 improbandum
772 1248 802 1295 at
823 1229 915 1311 inquit
937 1240 1065 1306 Plantas,
1099 1258 1133 1298 ne
1157 1248 1198 1298 ter
1218 1241 1319 1297 scribit
1340 1256 1405 1296 ver-

252 1325 315 1382 bum
337 1323 492 1381 solemne
486 1341 512 1379 m
541 1324 590 1380 hae
618 1341 648 1380 re
677 1333 829 1397 repetatur3
864 1324 987 1382 absolute
1015 1327 1106 1398 inanit
1128 1326 1291 1384 Graecorum
1320 1325 1401 1381 modo

251 1411 329 1488 φησί
349 1409 462 1482 legimus
486 1409 551 1473 Vlll,
569 1412 618 1472 70,
642 1408 684 1475 lX,
703 1411 752 1475 48,
777 1408 838 1465 alibi
860 1411 976 1480 inquam
999 1411 1071 1468 dicit.
1115 1411 1201 1468 Delia
1222 1413 1273 1469 dos
1296 1409 1347 1483 (sic
1368 1407 1400 1482 F)

251 1503 293 1551 est
312 1493 447 1550 Deliodes
470 1493 510 1550 vel
532 1493 670 1549 Deliados
699 1494 779 1567 idque
808 1497 949 1551 occasione
978 1495 1036 1553 data
1059 1513 1135 1553 more
1156 1513 1206 1552 suo
1228 1496 1256 1550 in
1277 1495 1309 1550 iis
1331 1510 1402 1568 quae

250 1588 403 1654 sequuntur
431 1579 558 1652 explicat,
587 1579 612 1633 iu
643 1577 740 1651 quibus
766 1578 828 1635 item
850 1579 917 1636 male
940 1597 1032 1636 versus
1053 1581 1163 1655 vestigia
1185 1580 1276 1637 olim
1269 1579 1402 1636 invenisse

249 1665 313 1720 mihi
334 1664 407 1720 visus
430 1681 515 1729 eram3
554 1670 688 1737 postrema
717 1664 828 1720 beliade
857 1650 929 1722 eade
961 1663 1011 1738 (sie
1034 1664 1064 1736 l')
1094 1666 1157 1721 nihil
1187 1665 1237 1721 nisi
1265 1664 1400 1722 Deliodes

250 1748 401 1823 significant
422 1748 516 1804 litteris
539 1748 606 1804 male
628 1748 762 1820 repetitis,
797 1724 828 1804 ιιῖ
856 1767 924 1822 quae
952 1749 1136 1807 interciderint
1158 1749 1243 1823 quivis
1264 1750 1322 1844 ipse
1344 1765 1401 1804 uon

248 1834 366 1889 monitus
388 1832 527 1906 intelligat.
571 1840 611 1888 tot
613 1848 658 1888 um
680 1833 761 1906 igitur
782 1832 872 1889 locum
894 1834 933 1890 sic
954 1833 1140 1908 retingendum
1162 1850 1220 1890 csse
1242 1835 1355 1907 opinor:

339 1917 448 1973 Titanis
471 1919 548 1973 dicta
571 1918 727 1989 pendeam
748 1919 858 1990 genuil,
882 1927 912 1974 at
933 1917 1048 1993 impoli)
1070 1919 1204 1991 Plantas,
1235 1919 1323 1985 Lato,·
1355 1934 1399 1984 ea,

334 2010 365 2058 at
386 2003 484 2059 cenibil
506 2000 654 2066 Maniliae,
678 2009 719 2057 est
743 2001 814 2058 Coeo
837 2010 936 2059 creato
959 2005 1058 2075 titano,
1081 2012 1110 2060 nt
1133 2005 1205 2061 idem
1226 2005 1342 2060 scribit:

494 2086 607 2143 Latona
625 2088 719 2159 pariit
740 2095 820 2143 costo
843 2089 989 2161 compleam
1011 2088 1087 2144 locis

493 2171 630 2229 Deliodas
651 2173 775 2242 geminos

247 2257 278 2313 id
306 2263 346 2312 eet
374 2253 532 2330 Apollinem
555 2263 580 2312 et
602 2256 741 2322 Dianam·
779 2257 820 2312 dii
850 2256 925 2329 qnod
958 2256 1066 2314 Titanis
1096 2255 1172 2329 (Deli
1202 2274 1249 2313 eos
1274 2260 1398 2334 peperit)

248 2342 391 2400 Deliades.

246 2428 443 2484 Lachmanuum
466 2435 497 2482 al
519 2427 550 2481 in
572 2426 669 2481 Plocio
694 2425 773 2490 Lato,
798 2441 833 2479 ea
856 2425 1034 2498 corrigentem
1057 2444 1151 2483 versus

550 2509 664 2565 Latona
683 2511 762 2581 parit
784 2516 864 2565 casto
887 2511 1019 2582 ampleaon

553 2594 629 2649 lonis
651 2593 788 2649 Deliodas
810 2596 934 2666 geminos
951 2624 973 2649 υ
984 2623 1006 2650 υ
1017 2634 1039 2642 -

245 2679 409 2741 restituisse,
445 2687 582 2752 postrema
602 2695 666 2734 vero
690 2677 768 2734 verba
791 2680 832 2734 dii
855 2680 929 2750 qaod
953 2679 1063 2735 Titanis
1086 2681 1217 2737 deliodae
1240 2681 1338 2736 eodem
1366 2699 1397 2738 eu

245 2765 364 2835 margine
387 2763 514 2819 translata
529 2772 556 2820 et
571 2764 683 2819 delenda
705 2780 763 2819 esse
786 2764 922 2819 censuisse
944 2763 1024 2820 tradit
1039 2764 1194 2831 Mommsen,
1218 2782 1287 2839 quae
1308 2767 1398 2823 omnia

244 2855 351 2920 praeter
373 2846 511 2904 Deliadas
533 2846 717 2921 improbabilia
740 2864 799 2904 esse
821 2848 890 2904 dico.

329 2929 348 3006 ξ
366 2931 402 2988 19
427 2931 515 2987 Ennii
530 2929 720 3003 Areopagitae
736 2932 804 3003 qaid
825 2933 927 2988 dedere
950 2948 1033 3005 paam
1053 2935 1182 3007 padam?
1204 2930 1395 3007 Areopagitae

244 3016 279 3071 ob
304 3012 460 3087 Areopago,
483 3016 508 3069 is
531 3017 610 3072 locas
634 3013 758 3070 Albanis.

328 3100 428 3157 Mosae
451 3113 525 3170 qnae
546 3100 664 3172 pedibas
684 3115 816 3171 magnum
835 3101 959 3173 pnlsolis
983 3098 1137 3175 Olympum,
1165 3102 1274 3159 coelum
1297 3104 1396 3160 dicam

244 3183 350 3241 Graeci
373 3182 535 3255 Olympum,
568 3192 687 3239 montem
708 3186 739 3241 in
760 3183 931 3242 Macedonio
954 3202 1059 3251 omnes,
1093 3204 1112 3243 o
1134 3203 1190 3260 qno
1208 3188 1305 3261 polias
1323 3196 1394 3262 pato

242 3272 333 3327 dictas
354 3269 454 3329 Mnsos
479 3265 672 3341 Olympiadas.

242 3356 338 3412 criticis
371 3353 504 3429 persuasit
531 3352 663 3426 Scaliger,
702 3354 779 3410 etiam
808 3353 839 3410 G.
873 3354 1042 3419 Hermanno,
1080 3355 1198 3428 priorem
1226 3373 1331 3415 versum
1361 3375 1394 3414 ex

241 3440 365 3515 Aeschyli
387 3437 527 3498 Eumenid.
550 3455 575 3493 v.
600 3440 675 3496 684:

436 3517 563 3626 lipare
587 3520 696 3618 iicon,
720 3520 814 3584 ἔνθεν
837 3518 937 3583 ἔσθ’
923 3516 1093 3598 επώνυμος

443 3607 542 3685 πέτρα
565 3599 676 3701 πάγος.
689 3628 708 3666 τ
710 3601 844 3685 Ἀρειος

239 3692 396 3748 translatum
419 3708 487 3757 esse,
510 3692 556 3748 sed
579 3707 647 3765 quae
669 3691 727 3786 ipse
749 3691 846 3766 aliique
868 3691 1038 3766 protulimus,
1064 3709 1142 3749 nemo
1158 3694 1274 3767 probare
1288 3702 1388 3769 potest,

239 3791 290 3833 nec
311 3775 414 3833 felicior
436 3776 487 3833 luit
509 3775 618 3840 Miiller,
643 3776 689 3849 qui
709 3775 753 3832 illa
776 3785 862 3833 aetate
885 3777 911 3832 in
933 3777 1108 3836 Eumenidum
1131 3777 1220 3835 iabula
1242 3779 1389 3879 exagitatus

240 3861 330 3917 nescio
353 3862 418 3935 quid
440 3862 547 3934 egregie
567 3861 700 3917 invenisse
722 3859 772 3915 sibi
793 3862 865 3917 visus

442 3942 631 4019 Areopagitae
652 3945 762 4018 quidem
784 3946 885 4001 dedere
908 3962 1028 4019 aequam
1046 3963 1176 4021 pugnam

238 4028 364 4084 maiorem
379 4031 527 4088 tetrametri
541 4041 643 4105 partem
659 4030 748 4095 edidit,
771 4031 1018 4105 interpretationem
1034 4033 1136 4090 scilieet
1148 4029 1293 4090 verborum
1310 4033 1387 4092 784:

442 4111 483 4175 οὐ
505 4110 565 4195 γὰρ
587 4109 750 4192 νενίκησθ’
772 4110 844 4176 oill’
867 4109 1028 4196 ἰσόψηφος
1055 4119 1124 4195 δίκη

441 4196 550 4275 ἐξῆλθ’
572 4197 709 4278 ἀληθῶς.
