3038 5048
445 325 560 381 LIBER
577 325 767 381 SEPTIMUS.
803 326 947 392 §ut-54.
1209 320 1268 379 139

126 498 168 564 ad
190 499 292 565 latera
318 496 480 563 habebant
504 499 636 582 ferrum,
673 515 752 578 quos
780 501 894 582 postea
922 517 943 562 a
971 494 1142 579 stipatione
1164 494 1268 576 Stipa-

126 606 213 666 tores
244 600 460 684 appellarunt,
497 605 529 665 et
561 599 616 681 qui
647 587 919 681 conducebantur;
956 618 996 663 ea
1027 597 1111 663 enim
1147 615 1269 662 merces

127 721 241 787 graece
271 701 386 767 dicitur
418 697 548 785 λάτρων,
592 700 635 765 ab
668 720 706 766 eo
738 706 864 767 veteres
896 702 1011 782 poetae
1044 707 1421 779 nonnunquamo·³³⁸sr-¹t

129 806 245 869 milites
266 803 432 888 appellant
453 802 640 868 latrones..
658 803 767 884 ‚quod
788 802 864 868 item
887 809 923 868 ut
944 800 1062 867 milites
1084 820 1155 865 cum
1177 802 1268 883 ferro,
1295 813 1300 822 ·

91 917 105 966 o
127 910 183 973 aut
204 905 290 988 quod
312 906 413 971 latent
434 903 476 968 ad
497 902 630 970 insidias
653 903 826 970 faciendas.

211 1006 307 1091 Apud
329 1004 503 1073 Naevium:
1292 999 1311 1078 ἓ
1334 1000 1375 1062 53

170 1109 256 1175 Risi
278 1113 436 1193 egomet
457 1107 667 1174 moechum
688 1106 988 1174 cassabundum
1016 1107 1076 1174 ire
1106 1106 1271 1173 ebrium.

130 1210 371 1277 Cassabundum
392 1229 413 1275 a
434 1209 588 1278 cadendo.
631 1209 737 1275 Idem:

129 1312 345 1378 Diabathra
362 1313 401 1378 in
420 1311 584 1396 pedibus
599 1311 784 1393 habebat,
807 1316 890 1375 erat
904 1312 1069 1379 amictus
1084 1310 1272 1395 epicroco.

81 1427 109 1478 ro
131 1415 307 1494 Utrumque
329 1415 521 1482 vocabulum
543 1435 701 1497 graecum.

213 1516 249 1581 In
271 1516 499 1583 Menaechmis:
1295 1511 1314 1590 ξ
1338 1513 1377 1573 54

170 1617 283 1683 Inter
303 1618 481 1685 ancillas
503 1618 648 1685 sedere
669 1618 827 1702 iubeas,
857 1618 990 1684 lanam
1013 1638 1159 1685 carere.
1277 1622 1420 1680 (censeo

128 1719 219 1786 Idem
240 1718 301 1786 boc
323 1726 373 1786 θεῖ
393 1721 526 1786 verbum
548 1720 581 1785 in
597 1719 756 1787 Cemetria
769 1719 895 1787 Naeuii.
940 1720 1058 1788 Oarere
1079 1742 1101 1787 a
1122 1719 1269 1804 carendo,

130 1819 217 1903 quod
232 1841 303 1888 eam
319 1828 385 1888 tum
401 1826 540 1907 purgant
553 1843 592 1889 ac
607 1820 775 1906 deducunt,
796 1828 832 1888 ut
845 1827 952 1888 careat
967 1821 1128 1907 spurcitia,
1151 1841 1192 1887 ex
1208 1841 1270 1904 quo

79 1935 108 1988 15
130 1921 308 1989 (terminari
323 1924 439 1991 dicitur
453 1932 520 1990 tum
534 1924 619 2008 lana,
636 1944 707 1991 cum
722 1945 763 1990 en
780 1946 820 1991 ea
834 1929 946 1991 canunt
961 1924 1048 2007 quod
1060 1925 1094 1990 in
1110 1944 1150 1990 ea
1163 1925 1274 1991 haeret

130 2044 233 2107 neque
248 2033 297 2093 est
310 2027 395 2109 lana,
412 2045 494 2108 quae
509 2027 542 2092 in
554 2027 689 2092 Romulo
701 2026 844 2093 Naevius
859 2027 1105 2110 appellatAsta
1118 2026 1160 2093 ab
1171 2025 1272 2093 Oscis.
1373 2048 1375 2053 ·

53 2213 60 2228 ι
129 2250 236 2303 uocant.
255 2250 328 2318 cous
342 2248 438 2303 Isidor.
451 2247 485 2316 X,
499 2252 547 2302 159
565 2263 592 2315 p.
602 2249 652 2301 335
665 2247 696 2300 L.
716 2277 749 2285 -
767 2245 861 2314 atque]
880 2250 929 2300 aut
951 2245 1024 2313 quod
1036 2245 1227 2313 Scioppius.
1240 2277 1274 2284 —

133 2339 144 2387 l
158 2333 304 2403 stipatores
317 2333 405 2402 FVp.
427 2363 461 2372 —-
483 2337 498 2387 2
511 2336 539 2388 et
550 2331 606 2402 qui]
617 2336 667 2386 aut
679 2332 725 2401 qui
738 2331 933 2401 Scioppius.
951 2327 1028 2401 ‘fort
1041 2334 1091 2384 aut
1103 2323 1186 2398 quod'
1201 2329 1272 2400 LSp.

130 2449 164 2458 -
182 2422 197 2472 3
215 2414 332 2492 toicpov]
342 2418 539 2485 Victorius,
557 2421 694 2470 ΟΑΤΡΟΝ
714 2416 801 2483 FHa,
818 2412 926 2490 λάτρον
943 2420 971 2470 et
989 2411 1099 2488 σάτρον
1116 2416 1148 2479 Β,
1166 2409 1274 2488 λάτρον

130 2505 179 2559 καὶ
196 2500 306 2574 σάτρον
323 2505 423 2572 vulg,
450 2487 580 2575 ΚΘΡδωρ
599 2502 638 2570 Μ,
657 2502 758 2557 cerdon
775 2501 918 2568 Laetus,
936 2501 1036 2555 lacrum
1054 2502 1083 2554 irs
1101 2498 1222 2568 Gpr.
1240 2529 1274 2538 —

131 2591 148 2641 4
165 2589 343 2657 appellabunt
360 2587 434 2641 HM.
453 2619 487 2627 —
504 2593 544 2654 ut]
562 2593 591 2644 et
609 2587 679 2655 GH,
697 2603 749 2641 om.
768 2601 794 2640 a.
811 2581 872 2640 ‘uos
888 2585 960 2640 banc
976 2586 1039 2655 fere
1054 2585 1216 2639 sententiam
1232 2600 1274 2638 re-

131 2674 279 2742 quirimus:
307 2674 448 2743 appellant
472 2674 608 2741 latrones,
634 2678 717 2740 (nunc
738 2687 802 2727 vero
826 2671 979 2740 praedones
996 2669 1127 2725 dicuntur
1143 2669 1274 2735 latrones)

132 2759 205 2828 quod
222 2759 287 2813 item
305 2762 336 2813 ut
353 2751 466 2813 milites'
485 2760 559 2829 LSp,
587 2775 641 2828 quo
659 2758 727 2813 duce
743 2761 811 2828 post
827 2757 948 2811 latrones
966 2755 1092 2810 laconum
1108 2755 1224 2826 sipnaui.
1242 2785 1274 2795 -

35 2835 37 2840 ’
133 2843 276 2897 dneuium
293 2843 325 2910 F,
348 2844 459 2897 ennium
481 2844 544 2914 Hp.
566 2843 647 2898 Ribb.
667 2859 735 2898 com.
758 2841 939 2896 fr.Naeu.v.
960 2845 1066 2896 1211-
1091 2845 1105 2894 1
1123 2842 1275 2905 moechum]

132 2929 244 2996 Bergk
260 2928 357 2982 Philob
376 2928 494 2983 XXXIII
511 2947 538 2999 p.
558 2933 616 2996 282,
633 2944 739 2983 mecum
755 2925 854 2994 libri,
871 2942 914 2980 me
931 2928 971 2994 M,
989 2926 1126 2981 Laetus.
1144 2956 1179 2965 -
1197 2941 1275 2981 casa·

131 3014 254 3068 bandum
272 3014 466 3069 Turnebus.
485 3015 559 3085 cous.
577 3013 681 3069 Placid.
699 3013 780 3082 gloss.
799 3012 848 3078 III,
866 3015 916 3065 441
934 3019 962 3065 et
979 3016 1028 3066 450
1047 3013 1095 3068 ubi
1110 3014 1276 3067 crassaban-

132 3100 196 3154 dum
213 3105 299 3155 catat.
324 3131 357 3138 —
384 3105 399 3154 9
418 3100 570 3169 dyabatbra
587 3099 620 3155 F.
639 3129 672 3138 -
689 3098 815 3168 pedibus]
833 3095 1107 3165 Rholandellus,
1123 3099 1275 3167 pecudibus

133 3186 165 3240 F.
182 3186 251 3255 fort.
269 3184 385 3254 pedibus
404 3201 474 3240 cum.
496 3216 531 3224 -
556 3185 679 3240 habebat
696 3184 766 3239 delet
782 3181 896 3251 Bergk
913 3199 940 3251 p.
960 3186 1018 3251 281,
1036 3182 1148 3252 gerebat
1164 3184 1276 3252 quidam

132 3285 178 3340 ap.
196 3270 277 3324 Ribb.
294 3275 330 3325 tr.
349 3269 433 3325 Nasu.
451 3286 478 3324 v.
491 3275 532 3323 51.
551 3301 585 3309 -
602 3274 671 3335 erat]
691 3273 720 3324 et
737 3271 796 3323 erat
813 3268 871 3335 Bb,
888 3267 1025 3322 Laetus.
1044 3297 1074 3307 -
1094 3284 1228 3338 epycroco
1242 3268 1274 3322 F.

132 3384 166 3394 -
194 3360 223 3408 11
249 3355 414 3410 menechmis
437 3355 469 3409 F.
496 3355 588 3410 Plauti
614 3354 692 3409 addit
717 3354 857 3408 Laetus.
885 3370 979 3409 uersus
1005 3360 1045 3408 est
1065 3352 1099 3420 V,
1124 3357 1149 3421 2,
1173 3357 1215 3407 46.
1242 3383 1276 3391 -

136 3443 166 3494 12
178 3438 256 3494 iubes
267 3438 402 3493 Laetus.
421 3470 454 3479 -
474 3443 570 3495 131100
588 3443 637 3506 est]
651 3442 693 3495 θεῖ
703 3442 756 3494 hoc
767 3440 807 3508 Μ,
824 3440 957 3495 Laetus.
976 3435 1028 3494 ‘est
1043 3440 1112 3509 fort.
1125 3433 1185 3491 dcl?
1204 3437 1275 3505 LSp.

132 3523 215 3578 caba
226 3523 298 3578 idem
310 3526 363 3577 hoc
374 3528 418 3578 est
428 3525 538 3579 uerbum
549 3525 579 3578 in
590 3541 659 3580 com.
671 3524 769 3580 Naeuii
780 3525 858 3587 iufra
870 3530 934 3578 aute
949 3539 1038 3592 neque
1056 3525 1098 3577 est
1114 3521 1180 3578 lana
1196 3522 1277 3592 pouit

134 3609 165 3661 B.
184 3638 217 3646 -
236 3607 366 3662 cametria
377 3623 403 3676 a,
421 3609 535 3663 emetria
546 3610 585 3678 M,
603 3609 770 3665 cometriaV
776 3627 804 3679 p,
822 3609 945 3664 comedia
956 3608 983 3677 b,
1001 3607 1144 3664 cosmetria
1156 3606 1275 3673 Aldus,

128 3690 280 3748 'cosmotriu
296 3691 354 3746 vul
359 3708 384 3760 g.
398 3694 545 3755 (aemathia
556 3695 644 3763 vulg.
656 3698 763 3765 scarp),
781 3693 929 3748 comentria
941 3692 1140 3763 Scioppius,
1158 3706 1274 3745 commo·

132 3778 188 3834 tria
201 3776 396 3844 Turnebus,
413 3775 568 3833 Ribbeck
586 3795 653 3834 com.
665 3779 699 3833 fr.
712 3779 797 3836 Nasu.
810 3797 835 3835 v.
846 3783 905 3834 351.
923 3809 956 3818 -
974 3778 1049 3832 ueuii
1060 3777 1093 3831 F.
1112 3805 1145 3816 —
1164 3779 1195 3830 14
1207 3780 1275 3839 eam]

132 3860 211 3933 ‘sort
229 3856 332 3915 lunam’
352 3862 423 3931 LSp.
446 3893 480 3901 -
503 3864 783 3928 tum1tum0brist.
807 3893 840 3902 —
864 3880 898 3918 ex
915 3880 969 3934 qua
986 3864 1057 3931 ΜΒ,
1084 3862 1223 3916 Laetus.
1241 3891 1276 3907 -η

135 3951 166 4001 15
184 3949 280 4002 carent
296 3946 329 4014 F,
355 3963 417 4001 cum
435 3950 511 4002 caret
528 3947 677 4017 Laetus,
703 3965 765 4004 cnm
788 3952 864 4004 curet
887 3964 919 4004 eo
942 3948 1015 4017 quod
1031 3948 1061 4001 in
1078 3962 1111 4001 eo
1130 3950 1173 4001 est
1188 3961 1276 4014 neque

134 4035 176 4087 est
191 4032 257 4086 luna
273 4033 306 4099 B,
323 4048 393 4085 corr.
412 4031 590 4088 Ncukirch
607 4033 641 4088 de
658 4033 714 4089 fab.
732 4037 788 4104 tog.
806 4038 888 4104 p.62.
903 4038 934 4089 11
953 4034 1003 4102 qui
1018 4032 1100 4087 verba
1117 4047 1152 4086 ex
1169 4046 1222 4100 quo
1240 4070 1248 4084 .
1268 4070 1275 4085 .

133 4117 198 4172 lsna
215 4116 294 4172 delet.
311 4146 346 4156 -
363 4119 441 4171 heret
452 4116 485 4170 F.
503 4149 537 4156 -
554 4122 651 4188 neque]
662 4133 779 4188 namque
792 4118 856 4173 GH.
875 4149 903 4157 -
927 4122 958 4171 16
970 4120 1050 4186 quse]
1063 4133 1145 4186 quam
1156 4117 1275 4172 Aldus.

134 4200 260 4256 brunam
286 4206 349 4256 aute
375 4201 426 4256 bor
449 4203 530 4272 ponit
552 4203 729 4258 Mommsen
750 4203 868 4260 Unterit.
887 4201 958 4257 Diui.
985 4218 1012 4270 p.
1032 4205 1090 4256 251.
1116 4231 1151 4242 -
1175 4200 1206 4254 in
1222 4217 1275 4256 om.

136 4285 169 4342 G.
192 4285 306 4341 naeuius
332 4287 362 4341 in
387 4286 504 4344 Romulo
521 4287 555 4343 H.
583 4316 617 4328 —
642 4289 740 4345 neuius
762 4289 794 4343 F.
817 4319 852 4330 -
877 4292 948 4353 asta]
974 4289 1055 4342 bustu
1080 4285 1132 4356 ab,
1158 4301 1224 4342 asca
1241 4285 1276 4354 H,
