3038 5048
231 278 291 319 ιιι
737 263 873 320 Praelstlo.

231 456 347 516 sumque
367 438 496 515 pleraque
517 438 671 498 emendnse
692 455 774 514 snprs
795 439 917 497 udirnus.
947 440 999 497 nisi
1018 441 1103 515 igitur
1123 450 1219 516 postea
1238 441 1290 499 tros
1312 441 1385 501 Var-

231 525 306 583 ronis
327 524 412 582 libros
430 526 523 582 denuo
544 525 695 588 recensuit.
718 525 793 598 quod
809 516 955 601 'prolubila
975 542 1031 583 nou
1053 526 1174 591 videtur,
1196 527 1289 584 nesus
1311 545 1386 603 quas

230 625 301 668 nova
320 626 354 669 cx
373 609 421 668 illo
442 609 471 667 in
491 609 610 685 scioppii
630 611 814 667 mensionem
835 610 1006 675 transierint,
1037 627 1089 668 nec
1116 610 1216 686 quidm
1241 611 1386 671 codicibus

231 712 299 753 uuus
319 696 354 753 sit
375 703 482 753 consul
495 695 642 770 (Aedicsus
663 694 734 752 enim
755 711 849 752 omues
869 703 977 770 practer
991 694 1138 753 Victoriam
1158 695 1265 773 latuir);
1287 697 1336 755 sed
1359 699 1384 755 si

231 782 294 860 quid
317 779 452 856 singulare
472 780 501 836 in
521 779 639 854 scioppii
660 777 778 836 editione
805 788 917 855 apparot
943 779 1018 855 qnod
1049 781 1077 836 in
1105 790 1261 840 nosuoron
1291 781 1384 857 aliqu

231 869 390 931 invenietur,
413 865 439 922 id
453 879 510 922 non
528 864 694 923 reticuimus.
723 863 804 921 semel
825 873 929 921 uotum
950 864 1007 921 eins
1029 865 1057 920 in
1078 866 1198 940 margine
1218 866 1384 925 monnone·

229 950 485 1015 iscitadVlll,10
508 955 536 1004 st
556 949 588 1004 ia
608 947 653 1005 lis
673 949 758 1005 rados
780 964 853 1022 puae
874 949 994 1022 aopsloe
1014 957 1080 1006 urit
1102 966 1137 1007 oc
1158 950 1204 1008 lais
1224 953 1384 1025 desperatur

229 1040 318 1096 corda
331 1034 432 1093 tddens
446 1033 576 1090 Ferratus
591 1033 702 1090 (19166111
716 1049 765 1090 oc.
795 1033 823 1090 id
843 1034 896 1090 iem
910 1035 1077 1108 Augustinus
1091 1045 1249 1094 monuerat:
1272 1032 1384 1116 otpusss

229 1123 310 1181 lasis
330 1119 507 1177 montom
528 1118 574 1175 cel
594 1133 635 1175 oc
657 1119 812 1183 delendum
834 1126 866 1177 tat
893 1117 1004 1174 Formo
1029 1126 1127 1177 nostru
1138 1121 1244 1194 placet,
1269 1138 1286 1179 c
1310 1121 1384 1179 onim

229 1208 331 1284 primus
352 1219 387 1259 oc
408 1211 539 1278 sequente
560 1201 645 1260 vocali
665 1219 721 1260 non
744 1203 810 1267 diri,
832 1202 879 1260 sed
902 1210 985 1276 atqua
1006 1204 1040 1261 td
1062 1205 1115 1262 Cic.
1137 1205 1264 1282 Philippi
1284 1206 1316 1269 tl.
1343 1210 1382 1266 10

230 1292 330 1349 docuit.
360 1296 391 1346 at
411 1289 495 1346 mirus
516 1295 558 1346 est
580 1288 698 1345 Faernus
718 1287 786 1345 illud
805 1303 842 1344 sc
863 1287 969 1352 dolens;
993 1304 1054 1345 num
1068 1306 1162 1348 omncs
1177 1292 1306 1350 editiones
1320 1301 1385 1349 ante

228 1376 378 1451 vulgatam,
406 1389 500 1432 omnes
527 1372 634 1431 codices
661 1389 812 1447 pronomen
837 1372 882 1429 lais
903 1372 1038 1447 ignorant,
1060 1374 1135 1432 solus
1155 1378 1175 1433 ll
1195 1375 1268 1434 dicia
1289 1376 1384 1434 inserit

228 1470 256 1518 ct
277 1477 309 1518 en
328 1461 383 1517 lrcc
402 1475 460 1516 nno
480 1456 648 1532 Augustinus
669 1457 793 1532 vulgatae
813 1457 875 1515 lacis
895 1457 995 1522 intulit,
1019 1468 1050 1516 ut
1063 1461 1177 1517 noriam
1200 1479 1269 1536 quae
1287 1461 1384 1522 Fesrui

227 1545 330 1605 inerint
350 1544 456 1620 copiae,
484 1543 536 1600 nisi
555 1542 628 1600 torte
648 1544 707 1617 ipse
727 1544 779 1600 isto
801 1543 821 1598 B
842 1541 886 1600 vel
912 1543 991 1601 simili
1011 1542 1081 1602 libio
1103 1554 1145 1603 est
1165 1563 1241 1613 usus,
1270 1546 1383 1622 rdiqris

227 1648 293 1690 vcro
320 1632 386 1691 ie.
406 1629 511 1702 integro
532 1627 603 1685 ionti
623 1626 722 1685 nullum
749 1626 842 1685 habuit
869 1626 958 1686 iidem.
999 1638 1119 1687 ceterum
1145 1631 1214 1689 male
1242 1631 1314 1691 licis
1335 1632 1382 1689 in-

228 1716 313 1775 seruit
335 1721 488 1778 corrector,
511 1711 626 1770 debebat
646 1713 737 1788 potius
759 1728 794 1769 oc
813 1713 949 1786 iungeret,
971 1716 1059 1772 coda
1080 1713 1197 1774 scribere
1219 1720 1292 1793 quod
1309 1717 1382 1775 ttul-

229 1799 271 1859 ler
292 1800 366 1857 vidie

312 1886 343 1943 ln
364 1883 484 1956 margins
505 1882 611 1957 saepius
630 1881 785 1939 l'urnebi
807 1891 835 1939 et
856 1881 954 1939 llulv.
970 1882 1088 1940 Ursini
1109 1895 1240 1960 apparent
1261 1889 1381 1964 nomina,

229 1978 256 2028 et
275 1969 356 2027 liuius
378 1967 486 2043 quidem
508 1967 609 2041 egregii
629 1967 679 2023 viri
699 1968 869 2025 coniecturae
891 1967 998 2024 aliunde
1019 1983 1075 2024 nou
1096 1978 1177 2028 notre
1195 1970 1245 2030 hoc
1265 1983 1343 2031 suut:

313 2053 344 2116 V.
366 2055 408 2112 28
429 2052 497 2108 item
517 2050 671 2109 Armes
692 2053 768 2126 parad
789 2059 855 2108 octe
877 2068 986 2108 omnes·
1007 2054 1056 2125 poi
1076 2055 1221 2126 inlicitis
1246 2058 1376 2135 llbepr‘m,

228 2141 305 2215 quod
325 2140 356 2196 irr
378 2137 451 2194 dello
472 2137 547 2196 mols
569 2144 714 2211 occeptum
741 2135 897 2211 creseunt]
924 2135 1008 2193 Folo.
1033 2137 1127 2196 Ursis.
1157 2142 1188 2198 ia
1216 2143 1279 2199 celo
1308 2146 1379 2202 moli

228 2225 320 2301 Μοίρι·
343 2223 496 2281 comaron.
518 2221 636 2297 intellige
656 2231 786 2279 antennas
806 2220 870 2278 velis
893 2231 1001 2278 ornstss
1029 2223 1179 2289 malorum,
1213 2226 1261 2283 sed
1289 2245 1379 2302 neque

226 2319 301 2369 recto
322 2310 376 2367 hoc
397 2308 497 2366 dictum
519 2316 560 2367 cst
581 2317 610 2365 et
629 2306 771 2365 iuuenilius
793 2306 972 2380 excogitatum
997 2322 1078 2381 quem
1098 2317 1130 2364 ut
1149 2310 1235 2382 possit
1256 2312 1376 2384 probari.

310 2394 343 2462 V,
363 2397 404 2455 74
427 2391 618 2467 dwiuoepse]
640 2392 722 2449 Folo.
748 2391 867 2448 drosos
891 2389 1108 2463 Cleocioospue,
1130 2392 1157 2448 id
1179 2409 1211 2449 ex
1232 2395 1376 2467 Augustini

225 2480 287 2538 loco
309 2481 342 2538 de
364 2479 414 2538 civ.
436 2479 488 2542 dei,
510 2478 558 2535 sed
578 2478 631 2534 iam
651 2476 725 2550 vulg.
746 2476 813 2533 exB
830 2473 1037 2548 scaenaeque
1057 2474 1177 2550 praebet,
1199 2477 1271 2534 cont.
1294 2495 1376 2553 snpra

309 2648 341 2713 V,
371 2651 408 2707 ’17
439 2644 529 2721 emor]
564 2645 594 2706 V.
625 2643 655 2702 G.
678 2645 789 2720 pariae
816 2644 936 2702 Fuluius
961 2653 1044 2720 putot
1073 2663 1133 2704 asts
1160 2663 1261 2706 nomeu
1287 2649 1376 2721 piscia

225 2734 422 2807 umectum.

308 2820 328 2891 ᾗ
352 2818 392 2877 96
414 2831 482 2872 aros
503 2813 565 2889 llys]
589 2815 654 2873 Ful.
679 2815 776 2872 lireio.
798 2832 847 2872 saa
869 2807 915 2890 ὗς.

351 2903 393 2962 98
413 2901 506 2957 meri
527 2899 641 2976 crispa]
664 2900 782 2958 Fuluiae
805 2900 922 2972 mogo,
945 2908 977 2957 ut
995 2899 1077 2974 paulo
1100 2911 1177 2976 post:

415 2983 552 3059 atalpero]
573 2987 613 3043 ol.
636 2986 773 3060 arisgoto,
796 2985 835 3042 ol.
859 2986 996 3057 crispent.

335 3073 393 3130 105
416 3062 542 3149 κρόκεν]
564 3069 647 3128 Folo.
673 3069 792 3128 Ursinus
814 3063 945 3149 springs.
979 3071 1015 3128 itt
1036 3069 1088 3126 iam
1110 3068 1209 3138 Aldus,
1236 3071 1302 3130 illud
1325 3089 1376 3130 oo·

412 3155 483 3212 dices
505 3154 639 3212 enldbent.

334 3243 393 3300 116
416 3238 553 3314 turoam]
575 3240 658 3298 Folo.
680 3241 808 3297 lomense.

333 3327 391 3386 123
415 3323 579 3399 δεπέσταν]
612 3324 790 3404 δέπαστρον
824 3324 952 3382 Fuluius.
989 3325 1025 3381 ila
1057 3325 1109 3381 iem
1142 3326 1310 3400 Augustinus
1342 3344 1375 3384 ex

411 3409 480 3466 Poll.
509 3410 543 3466 lll
571 3403 667 3488 (immo
696 3411 793 3468 Allien.
816 3411 859 3475 ill,
884 3410 956 3476 468,
984 3408 1056 3483 apud
1084 3408 1153 3466 Poll.
1175 3410 1206 3475 ll,
1236 3416 1275 3472 75
1304 3421 1376 3470 ertit

411 3487 573 3573 λεπαστή).
598 3512 613 3552 a
634 3495 726 3552 Fulvio
754 3494 819 3552 fort.
849 3504 987 3568 acceptum
1011 3495 1178 3567 Augustinus
1199 3497 1252 3555 hoc
1273 3497 1374 3555 utalia

411 3579 528 3643 rettulit;
551 3580 651 3637 rectius
672 3573 835 3643 λεπαστὰν
857 3578 952 3636 lliiller
974 3578 1090 3653 scripsit.

333 3669 389 3727 127
414 3665 451 3722 ob
473 3663 555 3738 ordo]
583 3664 666 3722 Μ).
693 3682 712 3721 o
734 3666 817 3721 doro.
838 3664 908 3721 idem
929 3660 1010 3737 punlo
1036 3672 1100 3738 post
1127 3666 1294 3740 Augustinus
1320 3678 1373 3737 pro

413 3751 522 3807 erlem

333 3838 392 3896 153
415 3852 436 3892 a
456 3835 546 3892 muris
565 3832 660 3908 parte]
682 3832 763 3893 Folo.
789 3831 908 3890 Ursinus
929 3834 1044 3889 murco.

334 3922 391 3979 159
415 3918 544 3994 iniceret]
565 3918 647 3975 Folo.
669 3919 796 3990 imperet,
819 3927 907 3983 recte3
934 3918 971 3974 ite
992 3919 1071 3976 etiam
1092 3917 1218 3991 Scaliger.

333 4006 391 4064 166
413 4005 556 4079 sadduco]
580 4004 661 4062 nota.
682 4003 812 4060 sublices.
835 4011 864 4060 at
884 4002 989 4061 subices
1018 4020 1074 4061 uon
1098 4003 1128 4060 iu
1154 3998 1254 4058 lecticis
1280 4012 1368 4069 poue-

412 4089 485 4155 bant,
508 4090 556 4149 sed
576 4088 684 4148 lecticas
706 4086 841 4145 subicibus
862 4087 1046 4164 imponebant,
1068 4088 1149 4162 idque
1163 4083 1280 4141 voluisse
1294 4081 1371 4139 vide-

413 4182 473 4239 tur,
495 4175 572 4232 finxit
592 4191 656 4233 vero
677 4190 710 4231 ex
731 4173 852 4230 Enniano
874 4175 1007 4232 sublimes
1028 4173 1148 4230 cedices
