3038 5048
250 265 269 321 a
582 260 696 317 nmen
713 260 879 328 sumnus.
915 263 932 331 c
952 264 1060 316 rr-no.

376 434 419 500 id
442 432 547 516 quod
568 434 694 516 nostri
716 433 863 501 caelum
886 439 1106 500 memorant.

249 539 367 620 Aqua
384 536 540 621 *bipertita
569 534 727 602 divisione
758 534 899 602 Lucilius
930 555 1058 602 suorum
1092 533 1184 600 unius
1217 538 1249 599 et
1281 531 1402 615 viginti

250 639 402 705 librorum
424 637 548 704 initium
571 637 648 704 iecit
668 638 745 704 hoc:

101 758 166 809 (nas
181 755 236 808 snb
378 739 562 808 Aetheris
578 747 615 806 et
634 746 762 806 terrae
783 738 1002 823 genitabile
1025 755 1211 819 quaerere
1233 742 1400 821 tempus.

141 846 162 925 S
186 845 225 908 18
337 841 470 908 Caelum
492 842 610 908 dictum
633 839 743 908 scribit
764 840 875 907 Aelius
898 841 985 922 quod
1005 844 1053 907 est
1068 840 1226 905 caelatum
1247 842 1303 903 aut
1325 857 1401 904 con·
1424 851 1442 902 s

251 942 348 1010 trario
370 943 498 1009 nomine
527 943 677 1026 celatum,
705 941 789 1024 quod
817 950 962 1027 apertum
984 946 1044 1025 est;
1077 938 1161 1027 [non]
1184 940 1284 1022 male,
1312 941 1403 1022 quod

251 1044 428 1132 posteriora
442 1045 542 1110 multo
565 1043 670 1129 potius
692 1065 713 1110 a
735 1044 824 1110 caelo
848 1063 943 1126 quam
966 1044 1090 1111 caelum
1112 1063 1132 1108 a
1153 1040 1308 1108 caelando
1333 1037 1403 1126 [act

251 1144 405 1232 celando]
451 1146 601 1212 sednon
632 1145 735 1211 minus
767 1143 848 1211 illud
881 1146 1018 1213 alterum
1049 1145 1090 1212 de
1123 1142 1256 1211 celando
1289 1143 1402 1210 abeo

227 1303 230 1307 .
251 1249 354 1334 potuit
370 1247 443 1330 dici,
461 1248 547 1330 quod
562 1247 699 1312 interdiu
715 1248 846 1330 celatur,
868 1267 963 1331 quarn
979 1245 1063 1328 quod
1079 1254 1175 1312 noctu
1190 1265 1253 1313 non
1268 1243 1403 1311 celatur.

147 1356 167 1434 ξ
193 1354 231 1416 19
254 1351 380 1417 omnino
404 1369 464 1432 ego
480 1349 582 1432 magis
601 1355 678 1433 puto
694 1369 714 1414 a
729 1347 809 1414 chao
825 1367 939 1414 cavum
955 1355 987 1415 et
1001 1349 1076 1414 hinc
1091 1348 1225 1431 caelum,
1247 1346 1404 1429 quoniam
1428 1361 1459 1414 ro

252 1458 288 1517 ut
310 1451 378 1517 dixi
399 1451 480 1518 Hoc
502 1451 644 1516 circum
666 1469 862 1534 supraque
885 1452 986 1532 quod
1005 1451 1204 1535 complexu
1226 1448 1404 1516 continet

105 1572 171 1623 raro
184 1570 240 1623 snt
253 1557 410 1637 terram,
433 1573 547 1619 cavum
570 1553 703 1618 caelum.
747 1553 860 1633 ltaque
883 1551 959 1617 dicit
981 1550 1187 1618 Andromeda
1208 1549 1306 1616 nocti:

255 1650 275 1687 '
704 1671 800 1735 quac
822 1673 915 1719 cava
937 1654 1036 1719 caeli

382 1755 718 1840 Signitenentibus
740 1753 901 1821 conficis
924 1755 1040 1840 bigis,

254 1862 287 1922 et
308 1857 518 1941 Agamemno:

382 1958 419 2024 in
442 1958 609 2024 altisono
632 1958 732 2024 caeli
754 1958 897 2041 clipeo,

256 2079 370 2127 cavum
392 2061 477 2125 enim
499 2060 649 2144 clipenm;
674 2066 706 2124 et
727 2060 847 2125 Ennius
869 2060 946 2125 item
969 2057 1011 2124 ad
1033 2059 1248 2126 cavationem:

384 2161 483 2228 caeli
504 2161 680 2243 ingentes
703 2161 880 2228 fornices.

102 2341 133 2390 (p.
146 2257 172 2380 35⁰
184 2258 241 2389 ἐς)
257 2262 362 2340 Quare
384 2271 419 2330 nt
441 2283 461 2328 a
484 2282 564 2329 cavo
587 2282 687 2328 cavea
702 2269 733 2328 et
753 2264 878 2329 caullae
897 2268 930 2328 et
953 2261 1141 2343 *convallis
1167 2267 1282 2326 cavata
1296 2260 1404 2342 vallis,

341 2430 506 2495 2divisione]
516 2427 581 2485 ‘coc
591 2429 660 2484 coeli
668 2431 716 2485 sed
727 2437 844 2484 naturae
854 2430 984 2495 locorum,
1000 2445 1086 2499 quare
1096 2429 1176 2483 cerba
1189 2444 1268 2497 aqua
1281 2427 1337 2497 bip.
1352 2470 1359 2482 .
1374 2468 1381 2482 .
1396 2469 1403 2482 .

256 2532 387 2585 quaerere
396 2520 503 2585 tempus
512 2531 599 2586 supro
608 2521 672 2584 post
682 2515 823 2584 utriusque
831 2516 917 2570 multa
923 2515 966 2571 cel
971 2518 999 2569 et
1008 2530 1041 2569 ea
1049 2514 1188 2568 homiuum
1197 2506 1402 2583 exspectantur‘

254 2600 327 2669 LSp.
340 2599 517 2666 -Lucilius]
531 2599 698 2667 Scaliger,
715 2599 861 2655 Lueretius
875 2601 967 2654 libri.
978 2631 1010 2639 -
1020 2599 1101 2653 unius
1111 2599 1253 2664 Laetus,
1267 2612 1353 2650 uuum
1361 2596 1404 2650 li·

253 2683 305 2739 bri
313 2723 320 2750 ,
329 2691 348 2736 u
358 2683 397 2748 (id
408 2690 448 2736 est
458 2683 586 2750 quinque)
601 2690 651 2736 aut
663 2688 734 2736 certe
743 2683 826 2738 trium
841 2684 883 2739 vel
895 2701 940 2737 1111
955 2684 1155 2738 Lachmann
1166 2682 1222 2736 ind.
1234 2682 1297 2736 loct.
1311 2681 1403 2736 Borol.

254 2770 322 2822 aest.
343 2771 416 2821 1849.
443 2767 530 2821 Lucil.
551 2771 705 2822 saturarum
722 2768 787 2821 XXI
803 2769 868 2821 libri
887 2768 1014 2823 Christ.
1034 2799 1066 2806 -
1092 2771 1107 2820 4
1125 2767 1227 2822 etheris
1244 2772 1272 2821 et
1289 2781 1404 2835 querere

254 2852 286 2905 F.
297 2880 330 2890 -
350 2856 364 2904 5
382 2850 476 2906 Aelius
495 2851 590 2906 Gallus
608 2852 695 2920 vulg.
714 2868 751 2906 ex
761 2853 792 2906 B.
811 2883 844 2892 —
863 2852 1007 2920 caelatum]
1024 2853 1141 2907 celatum
1154 2852 1187 2906 F.
1200 2881 1233 2891 -
1251 2855 1307 2914 aut]
1326 2854 1375 2905 aut
1386 2868 1407 2907 a

255 2935 392 2990 Laetus.
405 2966 438 2974 —
456 2936 597 3000 duomine]
612 2932 691 3004 ‘fort
704 2934 772 2991 non’
784 2936 854 3005 LSp.
865 2967 898 2976 -
915 2942 980 3001 non]
999 2935 1094 3001 delevi,
1113 2938 1162 3007 qui
1177 2937 1206 2990 in
1224 2935 1320 2991 ceteris
1338 2936 1405 2990 alte-

256 3035 316 3073 rum
333 3019 396 3087 LSp
415 3020 600 3074 coniecturam
617 3020 885 3090 muatmomportem
897 3026 1083 3076 secuturarum.
1102 3052 1136 3062 -
1153 3021 1227 3090 quod
1241 3019 1405 3089 posteriora]

255 3120 293 3158 ex
309 3103 399 3158 altera
414 3104 477 3173 LSp
494 3104 634 3176 acceptura
652 3106 745 3169 ascivi,
764 3106 813 3175 qui
828 3105 881 3159 nisi
894 3106 966 3174 quod
978 3107 1131 3174 posteriora
1148 3107 1311 3161 coniecerat.
1330 3105 1405 3173 quod

254 3188 390 3258 posterior
398 3188 491 3255 libri,
504 3190 578 3258 quod
587 3190 723 3259 posterior
732 3189 826 3244 Aelius
836 3190 891 3245 vul
896 3206 920 3258 g.
932 3206 969 3245 eor
977 3191 1008 3258 B,
1021 3191 1094 3258 quod
1102 3190 1178 3259 prius
1187 3189 1318 3256 Muller,
1330 3190 1405 3258 quod

254 3291 308 3329 uox
324 3273 461 3344 posterior
479 3274 596 3328 (iroth.
613 3303 648 3312 -
666 3279 680 3327 'l
698 3274 757 3330 celo
773 3275 805 3328 F.
824 3305 858 3314 -
877 3275 1009 3330 caelando
1026 3278 1074 3329 aut
1089 3274 1212 3340 celando]
1227 3275 1328 3345 scripsi
1342 3289 1404 3328 cam

256 3360 327 3428 LSp,
346 3358 460 3414 celando
478 3358 511 3426 F,
529 3358 661 3414 caelando
680 3359 797 3414 ceteri.
828 3375 884 3415 non
896 3361 966 3415 male
978 3359 1117 3429 posterius
1129 3361 1203 3428 quod
1213 3359 1299 3415 multo
1310 3358 1404 3429 potius

255 3460 274 3498 a
291 3443 367 3499 caelo
387 3444 493 3498 caelare
511 3459 592 3511 quam
610 3444 716 3498 caelum
733 3461 751 3499 a
769 3446 901 3500 caelando
918 3444 980 3515 LSp
1004 3461 1042 3499 ecc
1063 3445 1152 3499 altera
1173 3445 1332 3499 coniectura
1348 3443 1406 3514 ipsi

254 3529 344 3598 magis
351 3528 477 3598 probato.
490 3528 544 3583 vid.
552 3529 677 3600 praefat.
686 3559 721 3568 —
731 3533 745 3582 8
757 3530 791 3583 de
801 3530 914 3585 celando
924 3536 956 3584 ut
965 3530 1100 3600 glossema
1112 3530 1164 3584 del.
1176 3545 1235 3584 esse
1245 3529 1404 3600 suspicatur

257 3612 371 3671 Grcth.
381 3614 458 3668 —ab
469 3630 562 3669 eoam.
576 3614 714 3669 Laetus.
725 3643 759 3651 —
770 3619 800 3668 10
811 3619 870 3682 ego]
883 3615 998 3681 Aldus,
1011 3631 1042 3669 eo
1054 3614 1148 3669 libri.
1162 3645 1193 3654 -
1207 3618 1311 3678 cavum]
1322 3613 1402 3667 Lae·

256 3702 310 3754 tus
318 3739 326 3767 ‚
345 3700 462 3753 chouum
473 3698 506 3767 F,
525 3701 623 3754 choum
635 3697 708 3753 alii.
727 3729 760 3738 -
778 3699 914 3768 quoniam]
926 3695 1003 3767 ‘fort
1017 3695 1095 3767 quod'
1109 3699 1181 3769 LSp.
1194 3731 1227 3739 —
1241 3703 1269 3754 11
1282 3697 1404 3754 continet

256 3799 328 3837 corr.
347 3799 385 3837 ecc
402 3782 543 3838 continent
560 3782 592 3836 F.
611 3813 644 3821 —
664 3786 695 3836 12
708 3783 890 3847 Andromeda]
904 3784 1075 3853 Scaliger,
1093 3785 1224 3840 androma
1240 3782 1327 3839 libri
1344 3785 1403 3849 (an-

256 3869 388 3923 dromeda
404 3869 447 3937 b),
470 3869 663 3923 Andromacha
685 3867 828 3923 Laetus.
868 3869 898 3922 ia
921 3868 944 3922 F
962 3875 1030 3940 post
1048 3872 1179 3926 androma
1202 3868 1302 3923 lacuna
1323 3867 1405 3922 acics

257 3951 366 4006 litterae
392 3957 457 4007 teste
485 3953 606 4009 Grotbr'o.
633 3982 667 3992 -
693 3952 769 4007 nocti
793 3958 871 4022 quae]
898 3954 1070 4023 Scaliger,
1096 3954 1223 4021 noctique
1249 3952 1343 4008 libri.
1369 3983 1404 3992 -

258 4042 288 4092 11
307 4036 344 4090 ad
362 4037 539 4104 cavationem]
557 4039 661 4106 vulg„
688 4039 907 4094 adua..tionem
924 4039 947 4093 F
970 4043 1039 4106 (oum
1057 4038 1174 4093 duorum
1192 4036 1243 4090 litt.
1261 4042 1343 4106 raa),
1369 4038 1405 4093 ad

257 4120 396 4176 nationem
419 4124 538 4179 ceteri.
556 4154 591 4163 -
610 4128 641 4178 19
660 4123 775 4187 caullae]
795 4123 964 4193 Scaliger,
989 4122 1077 4180 cauile
1100 4121 1190 4175 libri.
1209 4152 1243 4161 -
1263 4125 1403 4190 convassm]

256 4212 394 4278 corrupte.
430 4224 466 4261 ort
484 4208 581 4264 callis?
599 4239 632 4248 -
652 4211 749 4263 cavata
765 4207 844 4263 vullis
862 4207 914 4264 del.
934 4207 1100 4275 Scaliger.
