3038 5048
454 301 567 357 umus
584 301 731 358 saurus.
767 305 909 370 §ar-ao.
1199 303 1257 363 107
1323 380 1324 384 .

113 472 183 529 TUS
205 472 339 528 MURRA
362 472 652 540 UNGUENTISQUE
678 473 917 530 UNGUENTUR.
952 474 1016 529 UBI
1038 472 1261 529 PRAETORES

113 557 342 626 TRIBUNIQUE
371 557 508 611 PLEBEI
537 557 674 626 Qulqoss
702 558 742 612 IN
772 558 970 615 CONSILIUM
999 559 1135 614 VOCATI
1165 559 1260 614 SUNT

112 641 335 709 VENERUNT‚
366 642 553 699 CENSORES
577 644 694 698 INTER
718 643 763 698 SE
790 642 1041 711 SORTIUNTUR,
1067 644 1170 699 UTER
1197 645 1260 700 LU-

115 725 242 781 STRUM
261 726 406 781 FACIAT.
431 727 493 782 UBI
511 728 695 784 TEMPLUM
712 727 866 782 FACTUM
884 728 961 795 EST,
979 728 1070 785 POST
1084 729 1163 784 TUM
1176 728 1260 784 CON-
1274 730 1412 783 (rr-russii)

73 812 89 861 5
110 809 335 866 VENTIONEM
351 811 478 866 HABET
497 813 559 880 QUI
576 811 752 868 LUSTRUM
770 812 1002 868 CONDITURUS
1021 813 1098 868 EST.

197 898 235 963 In
257 896 500 965 Commentariis
522 899 749 966 Consularibus
771 901 924 983 scriptum
946 900 992 966 sio
1014 900 1136 966 inveni:
1279 906 1299 984 ξ
1321 906 1361 969 88

112 998 175 1066 qu1
197 998 418 1054 EXERCITUM
440 1000 706 1055 IMPERATURUS
731 999 834 1066 ERIT,
861 999 1027 1055 ACCENSO
1051 999 1151 1054 DICIT
1172 999 1260 1054 HOC:

113 1083 315 1152 CALPURNI,
343 1082 441 1138 VOCA
468 1085 637 1140 INLIOIUM
664 1085 789 1140 OMNES
818 1085 990 1152 QUIRITES
1016 1084 1090 1140 HUC
1118 1085 1168 1138 ΔΙ)
1195 1086 1259 1138 ME.

113 1169 303 1225 ACCENSUS
333 1169 434 1224 DICIT
464 1170 532 1224 SIC:
565 1170 691 1225 OMNES
720 1170 905 1238 QUIRITES‚
939 1169 1109 1225 INLIOIUM
1138 1168 1260 1224 VISITE

61 1256 90 1309 1⁰
111 1255 185 1310 HUC
208 1255 259 1309 AD
282 1255 438 1311 IUDICES.
474 1255 503 1309 C.
524 1255 721 1322 CALPURNL
750 1255 823 1311 COS.
842 1256 954 1323 DICIT,
982 1255 1080 1310 VOCA
1101 1253 1152 1307 AD
1175 1252 1260 1308 CON-

113 1338 338 1394 VENTIONEM
357 1339 483 1394 OMNES
501 1340 672 1407 QUIRITES
688 1340 764 1399 HUC
782 1340 832 1394 AD
850 1341 915 1395 ME.
950 1339 1137 1395 ACCENSUS
1160 1339 1261 1393 DlClT

113 1423 185 1479 SIC:
212 1423 338 1480 OMNES
357 1424 541 1492 OUIRITES,
568 1425 632 1479 ITE
656 1427 706 1479 AD
732 1424 1028 1480 CONVENTIONEM
1046 1425 1119 1480 HUC
1137 1425 1188 1477 AD
1206 1423 1412 1480 Ill-(paccano

113 1508 230 1564 DICES.
265 1509 357 1564 DEIN
382 1511 521 1566 CONSUL
545 1510 760 1578 ELOQUITUR
783 1512 834 1565 AD
857 1510 1091 1565 EXERCITUM:
1118 1506 1260 1564 IMPERO

114 1595 192 1668 QUA.
208 1594 397 1650 CONVENIT
415 1597 465 1650 AD
484 1596 639 1651 COMITIA
657 1595 905 1651 CENTURIATA.

62 1696 91 1746 15
113 1684 219 1763 Quare
241 1686 294 1750 hic
315 1704 465 1768 accenso,
500 1684 567 1750 illic
594 1685 745 1768 praeconi
775 1684 865 1767 dicit,
899 1684 978 1751 baec
1006 1691 1055 1751 est
1081 1703 1192 1767 oausa;
1226 1682 1260 1749 in
1282 1690 1303 1769 ξ
1326 1690 1366 1754 89

115 1787 238 1870 aliquot
262 1787 358 1853 rebus
387 1786 464 1854 item
492 1796 527 1852 nt
556 1806 671 1870 praeco
698 1806 850 1853 accensus
878 1788 1037 1869 acciebat,
1072 1805 1177 1868 aquo
1198 1787 1259 1852 Ac

115 1909 229 1956 census
269 1908 395 1971 quoque
437 1890 551 1956 dictus.
609 1890 787 1955 Accensum
831 1891 960 1955 solitum
1002 1891 1086 1956 ciere
1125 1888 1261 1956 Boeotia

115 1990 263 2077 ostendit,
284 1996 382 2073 'quam
404 1991 602 2059 comoediam
625 1991 745 2075 Aquilii
769 2011 839 2058 esse
863 1991 987 2076 dicunt,
1010 1992 1071 2059 hoc
1093 2010 1202 2058 versu:

268 2095 346 2161 Ubi
368 2096 536 2179 primum
559 2114 751 2160 accensus
773 2095 964 2160 clamarat
985 2092 1195 2160 meridiem.
1268 2110 1413 2164 marasan

34 2208 92 2258 *at
113 2196 183 2263 Hoc
211 2197 296 2264 idem
326 2196 498 2265 Cosconius
525 2198 558 2262 in
585 2196 763 2263 actionibus
795 2197 905 2262 scribit
937 2202 1115 2279 praetorem
1149 2216 1260 2262 accen·

115 2318 186 2364 sum
206 2299 334 2366 solitum
358 2297 445 2386 [tum]
469 2319 539 2367 esse
561 2299 685 2384 iubere,
716 2299 772 2367 ubi
801 2300 831 2366 ei
859 2298 1029 2366 ridebatur
1056 2298 1168 2364 horam
1190 2317 1261 2364 esse

201 2488 485 2556 1ungunturrulg,
513 2493 649 2557 unguetur
666 2490 705 2557 B,
731 2489 872 2543 Laetus.
901 2518 935 2526 —
963 2487 1025 2540 2in
1043 2485 1194 2549 consilium]
1218 2484 1261 2538 in·

113 2573 207 2627 licium
219 2573 423 2642 Scioppius.
444 2604 474 2612 -
494 2576 509 2626 3
528 2573 681 2629 sortiuntur
698 2589 771 2627 corr.
788 2589 826 2627 aa
844 2573 1017 2627 sortitiuntur
1034 2572 1067 2626 E.
1102 2569 1180 2640 ‘fort
1201 2587 1259 2625 sor-

114 2654 200 2713 tiunt’
221 2659 291 2729 LSp.
315 2658 421 2714 Nonius
438 2676 465 2727 p.
477 2664 540 2713 471:
560 2653 703 2713 ‘sortitent
725 2675 775 2727 pro
798 2659 970 2712 sortirentur.
989 2656 1077 2712 Varro
1101 2673 1192 2711 rerum
1208 2657 1260 2710 hu·

114 2760 217 2798 manar.
235 2744 283 2799 lib.
301 2743 367 2798 XX:
396 2760 457 2798 cum
474 2744 599 2798 venerint
622 2745 682 2809 (olii
698 2747 894 2809 convenerunt)
917 2759 1043 2797 censores
1064 2744 1137 2797 Inter
1154 2758 1184 2796 se
1201 2757 1259 2796 sor-

114 2826 201 2884 liant?
230 2859 263 2868 —
282 2835 298 2884 4
323 2829 372 2884 ubi
388 2831 518 2900 templum
536 2830 639 2884 factum
657 2835 700 2884 est
721 2846 772 2883 om.
797 2829 993 2898 Scioppius.
1028 2828 1107 2897 ‘fort
1130 2827 1260 2897 templum

114 2911 175 2971 del?
195 2915 265 2986 LSp.
284 2946 316 2954 —
334 2920 400 2979 tum]
419 2919 611 2984 stipantem
630 2914 702 2983 MV,
721 2915 867 2982 Laetus,
896 2915 1001 2969 cumb.
1020 2944 1054 2953 -
1072 2918 1087 2966 5
1105 2913 1208 2967 habeat
1224 2912 1259 2980 H,

116 3018 168 3057 om.
187 3017 213 3055 a.
231 3032 266 3040 -
283 3006 297 3055 7
316 2994 392 3070 ‘fort
410 2996 555 3054 exercitui‘
575 3000 647 3070 LSp.
667 3031 699 3039 —
717 3004 732 3054 8
752 2999 906 3068 calphurnii
924 2999 956 3054 G.
971 2992 1051 3069 ‘fort
1072 2998 1101 3052 C.
1121 2999 1260 3067 Calpurni,

115 3087 170 3140 nisi
186 3086 264 3155 infru
281 3087 378 3157 potius
397 3085 426 3140 C.
450 3084 509 3141 del.²
530 3086 600 3156 LSp.
627 3116 661 3124 -
688 3086 745 3140 orius
762 3086 795 3139 F.
822 3115 855 3123 —
884 3085 977 3139 bonius
994 3083 1026 3138 F.
1053 3115 1088 3124 -
1113 3083 1200 3148 visite]
1222 3085 1261 3139 ite

115 3170 312 3241 Scioppius.
332 3188 368 3224 aa
386 3188 433 3225 vos
450 3172 508 3226 ite?
533 3167 610 3241 ‘fort
628 3171 666 3225 ite
684 3163 820 3225 inlicium'
838 3169 909 3238 LSp.
932 3201 964 3209 -
988 3174 1020 3223 10
1038 3170 1211 3238 calpurnicos
1228 3170 1260 3234 F,

116 3256 307 3325 calphurnicos
326 3256 359 3324 G,
377 3256 554 3311 carburnicos
572 3257 620 3325 H',
638 3256 767 3310 distinxit
783 3255 981 3324 Scioppius.
999 3284 1033 3294 -
1051 3260 1079 3309 11
1101 3257 1158 3309 oms
1176 3254 1208 3308 E.
1226 3284 1261 3293 —

115 3357 248 3396 accensus
268 3382 274 3394 .
295 3382 301 3393 .
320 3340 433 3409 quirites
452 3359 504 3396 om.
524 3342 555 3397 G.
582 3373 617 3382 —
645 3346 676 3396 12
694 3341 752 3396 oms
770 3341 802 3393 E.
829 3369 864 3379 -
891 3344 923 3394 13
941 3340 1005 3394 dein
1027 3339 1123 3394 consul
1144 3339 1261 3408 Imperat

116 3426 250 3482 exercitui
268 3427 315 3494 qui
333 3427 459 3480 convenIt
478 3426 677 3497 Scioppius.
696 3458 729 3465 -
756 3431 786 3481 15
804 3425 869 3479 hinc
886 3425 919 3493 E,
937 3441 1009 3479 corr.
1028 3426 1144 3479 Aldus.
1163 3455 1195 3463 -
1213 3423 1260 3478 ille

116 3511 309 3567 Turnebus.
333 3542 368 3552 -
391 3512 491 3566 dicitur
508 3513 541 3567 V.
559 3507 638 3581 ‘fort
657 3503 763 3566 dicunt’
783 3510 853 3578 LSp.
881 3511 955 3580 conf.
975 3510 1097 3566 Reiter
1113 3526 1141 3578 p.
1160 3513 1191 3564 38
1210 3508 1260 3563 ad·

114 3601 171 3652 not
199 3627 231 3635 -
259 3600 291 3650 16
308 3596 380 3649 idem
398 3597 430 3665 F,
448 3613 520 3651 corr.
539 3597 720 3651 Bentinus.
747 3625 781 3634 -
806 3595 1009 3664 achpiebatF,
1032 3612 1103 3650 corr.
1121 3596 1258 3649 Laetus.

114 3712 149 3721 —
169 3687 198 3736 11
218 3681 254 3736 ad
272 3697 382 3735 censum
400 3681 432 3749 F,
460 3699 532 3736 corr.
554 3682 691 3736 Laetus.
718 3712 752 3721 -
781 3685 811 3736 18
831 3695 905 3749 come
921 3682 925 3749 l
941 3680 1013 3734 diam
1031 3685 1072 3742 (ut
1089 3696 1174 3734 novus
1191 3695 1259 3733 vers.

116 3768 230 3839 incipe
248 3766 331 3833 diam)
348 3766 371 3818 E
391 3766 480 3834 (Keil),
498 3767 691 3820 commoediam
708 3767 731 3819 F
751 3766 868 3831 (Grotb).
889 3796 920 3804 —
938 3766 1051 3834 Aquilii]
1064 3765 1260 3832 Turnebus,

116 3852 327 3920 Gronovius,
353 3850 451 3906 Ribb.
476 3866 544 3905 com.
569 3848 617 3904 fr.²
638 3867 665 3919 p.
689 3854 801 3917 33-35,
830 3851 909 3906 Atilii
932 3850 1068 3919 Popma,
1097 3849 1145 3904 alii
1166 3848 1258 3903 libri.

115 3937 164 3990 alii
190 3937 283 3992 Plauti
310 3937 359 3991 alii
384 3936 477 4003 Aquili
503 3934 605 3989 Riese
630 3935 727 3990 Philol.
754 3936 859 3991 XXVII
883 3953 910 4005 p.
930 3939 988 3990 306.
1024 3933 1098 4003 conf.
1123 3933 1259 3988 Ritschl

115 4021 228 4092 Parerg.
247 4041 274 4092 p.
295 4027 335 4077 11.
355 4026 395 4077 80.
421 4053 453 4060 -
482 4027 513 4076 19
532 4021 650 4075 clamant
667 4021 718 4090 M¹,
736 4022 860 4077 clamarit
877 4023 1018 4076 Laetus.
1045 4050 1078 4058 -
1105 4023 1137 4073 20
1155 4019 1258 4083 scribit]

116 4109 256 4164 suiscribit
272 4109 296 4162 E
315 4108 397 4173 (Keil)
414 4114 445 4161 ut
463 4108 505 4161 sui
524 4106 631 4160 litterae
653 4114 749 4177 posteo
771 4107 875 4162 deletae
897 4109 960 4161 sint.
982 4107 1012 4159 in
1035 4105 1132 4160 ceteris
1155 4105 1259 4159 voullam

116 4192 241 4248 vocabuli
258 4193 301 4247 sui
318 4194 362 4249 ool
379 4192 436 4247 suis
448 4193 597 4262 oestipium.
615 4222 649 4230 —
667 4197 698 4248 21
717 4199 775 4247 tum
788 4209 839 4247 om.
853 4191 1045 4258 Victorius,
1064 4189 1258 4260 Scioppius.

116 4308 149 4318 -
167 4273 245 4349 ‘sort
264 4281 334 4334 hora
351 4294 411 4333 esse
428 4277 519 4347 tertius,
537 4272 666 4334 clamaro'
685 4277 759 4346 LSp,
775 4277 956 4333 imminentioris
973 4283 1015 4332 est
1031 4276 1086 4330 iam
1103 4278 1133 4332 in
1149 4277 1181 4331 B.
