3038 5048
268 313 329 374 152
591 312 704 370 stultu
721 313 911 373 SEPTIMUS.
947 319 1091 386 §tc-92.

158 487 243 568 §90
351 486 449 571 Apud
469 487 618 554 Atilium:

420 589 543 673 dopo,
565 589 704 673 caede,
728 587 855 673 Lyde,
879 609 1003 672 come,
1025 589 1160 657 conde.

110 689 371 775 occeocaps,
394 689 480 757 uude
500 692 625 778 accipe3
651 691 710 761 sed
731 691 793 760 hoc
814 692 847 758 in
869 691 1013 777 proximo
1035 692 1118 758 libro
1139 690 1399 760 retractandum.

158 792 239 872 §91
351 792 447 877 Apud
468 792 635 860 Pacuium:

1177 894 1293 963 nulla
1314 915 1383 963 res
1423 895 1468 963 '⁵

405 995 544 1079 Neque
574 995 756 1066 cicurare
785 1019 915 1082 neque
937 996 1090 1066 mederi
1118 997 1228 1082 potis
1257 1002 1321 1063 est
1351 1018 1426 1065 ne·

967 1118 1040 1181 que
1064 1095 1164 1185 [rem]
1187 1096 1378 1165 reficere.

268 1196 417 1266 Cicurere
432 1199 685 1287 mansuefecere3
709 1201 796 1284 quod
811 1201 895 1269 enim
917 1222 938 1269 e
960 1204 1028 1269 fero
1043 1201 1223 1284 discretum,
1246 1198 1281 1265 id
1298 1198 1427 1268 dicitur

267 1298 371 1385 (licur,
400 1309 433 1368 et
459 1302 532 1370 ideo
555 1301 674 1370 dictum
697 1303 814 1371 (licor
841 1303 1049 1385 ingenium
1077 1303 1243 1388 optineo
1266 1319 1424 1370 mausue-

267 1405 349 1486 tum3
388 1422 411 1468 a·
442 1422 505 1486 quo
538 1404 661 1471 Veturii
694 1423 821 1487 quoque
856 1406 982 1472 nobiles
1015 1402 1228 1490 cognominati
1262 1401 1421 1470 cieurtni.
1448 1422 1479 1473 ro

266 1502 386 1571 Netum
408 1525 430 1572 e
451 1507 536 1573 cicco
559 1505 654 1573 Oicur
681 1505 816 1572 videtur.
861 1506 989 1574 (liccem
1018 1507 1168 1573 dicebaut
1193 1506 1423 1573 membranam

266 1611 407 1690 tenuem,
437 1626 519 1689 quae
542 1614 590 1675 est
612 1608 701 1675 utin
723 1610 808 1674 malo
830 1609 950 1676 Punico
973 1608 1157 1691 discrimem
1187 1625 1293 1688 aquo
1316 1609 1422 1676 etiam

265 1705 398 1772 Plautus
419 1708 511 1774 dicit:

417 1807 527 1887 Quod
549 1812 634 1908 volt
657 1811 835 1896 densum,
861 1811 1013 1880 ciccum
1034 1831 1112 1878 ncu
1132 1808 1335 1878 interduo.

111 1925 256 1978 coercent
350 1908 447 1993 Apud
468 1910 642 1978 Naevium:
1445 1930 1476 1982 ro

158 2013 177 2090 §
200 2014 241 2076 92
418 2011 712 2082 circumveniri
734 2012 881 2081 videor
902 2013 1030 2079 ferme
1051 2013 1216 2080 iniuria.

264 2109 378 2178 Ferme
400 2112 516 2179 dicitur
545 2117 631 2197 quod
658 2135 743 2182 nunc
764 2117 861 2199 Fere;
895 2122 1061 2196 utrumque
1083 2114 1202 2181 dictum
1224 2134 1245 2180 a
1267 2114 1419 2201 ferendo,

266 2213 351 2294 quod
372 2214 406 2280 id
429 2218 516 2298 quod
536 2219 636 2284 fertur
657 2218 760 2284 estin
783 2224 872 2284 motu
893 2224 990 2299 atque
1011 2215 1174 2283 adventat.

263 2452 396 2516 scribunt]
409 2452 505 2507 dicunt
518 2452 574 2506 GH
586 2453 721 2508 Lectus.
741 2482 773 2491 —
792 2452 925 2516 comedin]
944 2451 1083 2518 Mttller,
1102 2451 1253 2506 eomodiem
1264 2450 1416 2523 FMVep‚

263 2537 429 2593 comoediam
448 2535 544 2603 GHb,
563 2537 703 2591 comoedia
720 2537 807 2605 vulg.
835 2567 868 2576 -
897 2542 908 2590 1
929 2535 1047 2590 attilium
1065 2550 1095 2603 a,
1112 2535 1222 2590 acilium
1241 2535 1265 2590 G
1273 2537 1339 2605 pB,
1359 2539 1416 2593 eti·

262 2622 355 2677 cilium
372 2621 412 2688 M,
437 2621 581 2688 Lectus,
607 2623 740 2677 eccelium
757 2622 784 2689 b,
806 2621 955 2677 Caecilium
974 2620 1170 2690 Scioppius.
1198 2651 1230 2659 -
1258 2622 1361 2676 lcede
1379 2622 1415 2677 F.

260 2736 295 2745 -
314 2705 399 2775 Lyde]
417 2705 510 2773 vulg,
527 2704 583 2760 lide
600 2705 693 2761 libri.
717 2708 792 2778 coos.
811 2707 948 2761 Lachm.
967 2706 1002 2759 ud
1020 2705 1103 2759 Lucr.
1120 2721 1147 2773 p.
1166 2708 1224 2758 324.
1252 2735 1286 2745 —-
1313 2709 1417 2774 conde]

262 2792 343 2847 crede
360 2791 399 2859 M,
417 2790 562 2858 Laetus,
579 2791 666 2846 tunde
684 2791 872 2846 Turnebus.
891 2790 986 2855 Ribb.
1005 2806 1072 2844 eom.
1090 2790 1145 2859 fr.²
1162 2790 1228 2845 Atil.
1245 2795 1262 2843 4
1279 2807 1307 2860 p.
1321 2793 1364 2846 33.
1380 2821 1414 2831 -

262 2878 277 2927 3
295 2890 428 2944 proxumo
446 2873 479 2930 G.
507 2904 541 2913 —
566 2877 779 2940 retractandum]
801 2872 867 2929 ‘non
889 2880 930 2929 est
951 2879 1128 2927 retractatum
1147 2891 1234 2946 neque
1250 2874 1290 2928 ibi
1305 2881 1414 2930 retrae-

234 2948 237 2954 ’
261 2957 340 3012 tandi
363 2957 440 3011 locos
461 2964 527 3012 erat.
553 2976 589 3012 an
612 2958 642 3013 in
664 2960 795 3030 proximis
817 2959 926 3014 librisl'
955 2958 1027 3027 LSp.
1050 2959 1090 3011 sic
1114 2958 1195 3012 ctiam
1218 2958 1413 3016 Wilmsnns

260 3060 287 3111 p.
301 3046 343 3095 30.
362 3071 394 3080 —
414 3042 571 3125 lpecuium
583 3044 616 3112 F,
634 3054 737 3114 pecuui
747 3064 774 3115 p,
792 3043 941 3115 pecuuium
959 3042 1083 3096 ceteri.
1102 3073 1136 3082 -
1155 3044 1316 3115 bmederier
1328 3044 1412 3100 Ses-

258 3159 358 3229 liger.
376 3187 410 3198 -
428 3127 520 3229 pcddst
537 3161 570 3215 F.
593 3191 627 3202 -
650 3163 726 3217 nulle
742 3179 787 3218 res
804 3163 862 3218 Nec
880 3161 1090 3228 Lachmann,
1116 3159 1213 3216 Ribb.
1236 3165 1270 3217 tr.
1289 3163 1323 3217 fr.
1342 3164 1411 3220 Pec.

259 3263 284 3301 u.
303 3248 363 3300 388.
389 3276 421 3283 -
449 3251 540 3300 trem
557 3246 680 3311 reficere]
701 3248 814 3318 compsi,
840 3244 954 3300 reficere
975 3245 1076 3312 libri,
1103 3245 1236 3314 refingere
1259 3247 1411 3318 Lechm,

259 3330 373 3400 refigere
390 3328 558 3385 Ribbeck.
575 3361 610 3371 -
629 3336 644 3386 8
662 3331 785 3386 cicorere
802 3330 890 3399 FVp.
908 3360 942 3369 -
960 3329 1036 3385 efero
1054 3331 1130 3399 ciero
1148 3331 1180 3384 F.
1208 3362 1241 3372 —
1269 3337 1284 3386 9
1304 3332 1413 3389 eicuret

258 3417 322 3472 ideo
339 3418 373 3482 F,
395 3419 422 3471 et
439 3432 491 3470 om.
511 3415 543 3470 G.
570 3446 604 3455 —
633 3421 664 3469 10
682 3415 806 3479 cicurini]
824 3416 922 3484 vulg,
950 3415 1059 3470 Groth
1076 3416 1137 3471 cell.
1158 3416 1238 3485 Oorp.
1256 3417 1340 3473 inser.
1359 3420 1409 3475 let.

258 3521 286 3573 p.
306 3506 365 3570 630,
392 3500 478 3557 cicuri
495 3499 528 3568 F,
555 3499 651 3554 cicurii
667 3502 706 3567 M,
733 3500 868 3555 Laetus.
895 3531 928 3540 -
955 3505 984 3555 11
1005 3505 1108 3565 netum]
1128 3501 1198 3570 LSp,
1217 3500 1338 3568 (iroth,
1364 3503 1410 3558 iu·

260 3591 354 3641 netum
372 3585 404 3653 F,
425 3585 455 3638 id
471 3589 566 3641 netum
583 3586 632 3653 Vp
650 3586 749 3653 vulg,
776 3585 839 3639 hinc
857 3589 952 3640 natum
969 3587 1107 3640 Miller.
1133 3615 1167 3626 -
1194 3586 1270 3641 eicur
1287 3587 1408 3656 videtur]

259 3670 348 3726 cicun
370 3670 499 3725 uuidetur
511 3670 534 3724 F
548 3669 653 3736 (deletis
675 3675 725 3738 ru),
743 3671 865 3725 cicurum
877 3670 988 3725 uidetur
997 3669 1051 3740 Vp,
1069 3670 1161 3725 cicure
1173 3670 1284 3725 uidetur
1297 3670 1408 3741 GHeb,

259 3756 336 3812 cieur
352 3756 463 3810 ludetur
479 3754 518 3822 M,
537 3754 613 3809 eicur
629 3755 777 3823 Lectus,
795 3772 848 3810 om.
866 3755 954 3824 vulg.
978 3785 1011 3793 -
1036 3755 1150 3818 ciccum]
1167 3754 1205 3809 F²
1221 3772 1282 3810 oum
1300 3757 1409 3822 ceteris,

259 3840 351 3896 ciccur
368 3839 413 3895 F¹.
430 3869 465 3879 -
484 3843 515 3894 13
533 3840 600 3895 dicit
617 3857 669 3897 cm.
687 3840 722 3894 Η.
741 3871 775 3880 -
794 3845 826 3894 14
843 3841 904 3894 uult
922 3839 955 3907 V,
972 3839 1048 3894 uolet
1065 3840 1103 3906 M,
1130 3839 1269 3895 Lectus.
1288 3871 1321 3882 -
1340 3842 1408 3897 deu-

259 3929 327 3988 sum]
346 3924 488 3979 elenchum
505 3924 640 3980 Mulier.
666 3924 826 3980 Plautinum
842 3926 932 3995 fcisse
948 3932 1054 3996 potest:
1082 3923 1160 3992 Quod
1178 3925 1241 3990 volt,
1260 3927 1333 3994 quod
1350 3942 1409 3983 non

257 4009 322 4074 volt,
341 4009 447 4064 ciccum
464 4025 520 4064 non
536 4009 673 4065 interduo.
691 4040 726 4049 -
742 4009 881 4076 interduo]
900 4009 976 4064 intus
993 4011 1047 4064 duo
1065 4009 1100 4062 H.
1127 4008 1205 4076 cons.
1223 4009 1313 4065 Plaut.
1333 4010 1406 4066 Rud.

256 4090 292 4158 ll,
311 4096 335 4158 7,
354 4096 395 4147 22.
420 4125 453 4134 -
480 4099 511 4148 15
529 4094 641 4150 neuium
658 4094 690 4147 F.
708 4125 742 4135 -
761 4095 951 4149 circumveniri
968 4095 1071 4157 videor]
1089 4092 1242 4147 Ribbeck
1258 4095 1409 4165 proposuit

255 4179 290 4230 tr.
319 4175 353 4229 ir.
380 4177 465 4233 Neev.
491 4197 517 4235 r.
542 4183 589 4248 59,
620 4179 724 4236 ciccum
752 4179 848 4233 uenire
876 4178 957 4234 uideo
986 4178 1071 4232 libri
1099 4178 1211 4242 (ciclum
1237 4178 1281 4246 M,
1310 4194 1407 4234 eccum

255 4260 346 4328 vulp).
