3038 5048
276 283 316 342 11
606 285 719 340 uranu
736 285 901 354 sumnus.
937 286 954 355 s
972 289 1081 342 se-ss.

136 457 328 522 1190819111
349 456 400 523 bis
421 458 635 542 mittebantur,
658 463 829 543 antequam
844 458 1069 545 conciperetur,
1092 457 1146 540 qui
1162 476 1213 523 res
1228 462 1425 541 repeterent,

275 566 392 725 ‹eliotlirerir
408 559 467 627 hos
495 561 592 627 etiam
618 580 701 626 nunc
729 561 765 626 fit
795 558 909 626 foedus
937 561 1023 643 quod
1044 559 1143 625 Fidus
1166 558 1286 624 Ennius
1308 559 1425 625 scribit

170 759 191 838 ξ
213 761 251 824 87
364 768 412 829 16.
445 765 482 829 In
510 784 545 830 re
573 764 704 831 militari
725 765 857 830 Praetor
886 764 990 831 dictus
1019 763 1074 846 qui
1095 763 1234 847 praeiret
1256 762 1421 830 exercitui.

275 864 451 949 Imperator
478 865 520 931 ab
547 865 681 948 imperio
711 865 821 950 populi
848 865 903 948 qui
930 884 1000 948 eos,
1032 864 1086 947 qui
1110 863 1145 930 id
1166 869 1461 950 attemptassent‚s

275 985 463 1051 oppressum
494 969 558 1030 iret
589 963 722 1052 [hostisl.
767 967 879 1050 Legati
912 967 966 1051 qui
999 968 1073 1033 lecti
1105 967 1247 1051 publice,
1285 986 1422 1049 quorum

275 1087 375 1153 opera
402 1069 598 1151 consilioque
628 1073 768 1135 uteretur
795 1088 927 1153 peregre
952 1070 1170 1152 magistratus,
1201 1068 1297 1151 quive
1316 1069 1423 1135 nuntii

276 1176 405 1236 senatus
437 1178 493 1236 aut
524 1171 635 1256 populi
666 1173 780 1237 essent.
824 1171 991 1237 Exercitus
1026 1172 1113 1254 quod
1145 1170 1351 1237 exercitando
1385 1171 1423 1238 fit

173 1265 192 1349 ἕ
216 1269 256 1333 88
279 1272 400 1338 melior.
430 1271 529 1352 Legio
546 1270 630 1352 quod
645 1271 792 1354 leguntur
814 1272 931 1338 milites
952 1274 985 1338 in
1004 1272 1138 1339 delectu.
1196 1271 1317 1339 Cohors
1332 1273 1423 1354 quod

98 1390 102 1397 ’
274 1372 358 1438 utin
373 1373 451 1440 villa
473 1373 673 1457 expluribus
695 1372 786 1439 tectis
808 1374 1006 1456 coniungitur
1027 1394 1065 1442 ac
1081 1373 1233 1456 quiddam
1255 1374 1291 1439 fit
1312 1395 1423 1459 unum,
1447 1385 1476 1437 ru

275 1474 322 1541 sic
343 1473 396 1540 bio
418 1495 458 1541 ex
473 1474 645 1560 manipulis
666 1474 810 1558 pluribus
826 1475 1001 1557 copulatur.
1039 1476 1160 1560 cohors,
1184 1477 1315 1561 quaein
1329 1476 1445 1563 villa,¹

134 1584 198 1637 1191
209 1584 266 1637 err)
276 1575 361 1657 quod
383 1576 468 1641 oiroa
490 1597 562 1643 eum
585 1576 689 1642 locum
715 1595 810 1660 pecus
833 1584 1020 1661 oneraretur,
1051 1577 1179 1644 tametsi
1201 1577 1365 1644 cohortem
1387 1580 1423 1646 in

274 1677 354 1743 villa
367 1676 575 1762 Hypsicrates
598 1677 676 1743 dicit
697 1697 767 1744 esse
782 1698 896 1761 graece
916 1676 1035 1765 χόρτον
1057 1678 1143 1764 apud
1160 1685 1273 1763 poetas
1288 1679 1421 1748 dictam

274 1778 455 1861 Manipnlus
470 1779 628 1846 exercitus
642 1778 773 1844 minima
788 1799 901 1846 manus
916 1800 999 1863 quae
1013 1800 1109 1846 unum
1125 1782 1268 1864 sequitur
1282 1780 1419 1863 signum

275 1879 425 1946 Centuria
455 1881 509 1962 qui
538 1881 597 1946 sub
624 1901 687 1947 unc
717 1880 907 1948 Centurione
935 1889 1022 1965 suut,
1055 1902 1188 1965 quorum
1217 1883 1420 1949 centenarius
1443 1893 1474 1944 11

171 1976 192 2057 ἓ
215 1977 256 2041 89
277 1980 378 2047 iustus
392 1982 548 2049 numerus.
605 1983 724 2049 Milites
739 1983 824 2065 quod
845 1985 938 2049 trium
960 1985 1082 2050 milium
1104 1985 1206 2069 primo
1223 1983 1308 2066 legio
1321 1983 1422 2051 fiebat

277 2101 316 2149 ac
336 2083 481 2165 singulae
503 2085 604 2150 tribus
626 2085 824 2167 Titiensium,
847 2086 1025 2169 Ramuium,
1048 2087 1204 2152 Lucerum
1225 2085 1315 2152 milia
1335 2086 1420 2152 mili·

275 2189 342 2250 tum
374 2185 551 2253 mittebant.
602 2186 731 2251 Hastati
763 2185 840 2252 dicti
877 2188 930 2270 qui
960 2188 1054 2270 primi
1090 2187 1190 2252 hastis
1223 2188 1421 2272 pugnabant,

134 2287 381 2352 u.92sr.¹rPilani
409 2289 464 2369 qui
489 2289 581 2374 pilis,
609 2287 772 2372 Principes
801 2289 856 2370 qui
883 2309 904 2354 a
929 2288 1084 2373 principio
1113 2287 1245 2373 gladiis,
1279 2309 1318 2355 ea
1346 2295 1421 2374 pust

274 2394 469 2456 commutata
489 2410 525 2456 re
539 2391 670 2456 militari
691 2390 794 2455 minus
815 2389 951 2455 illustria
967 2395 1047 2456 sunt.
1084 2390 1188 2456 Pilani
1203 2391 1320 2455 Triarii
1340 2409 1419 2472 quo·
1441 2399 1473 2452 tu

276 2510 338 2573 que
360 2489 438 2556 dieti
460 2490 545 2573 quod
567 2491 600 2557 in
621 2491 690 2558 acie
712 2489 805 2556 tertio
828 2488 938 2557 ordine
961 2490 1095 2557 extremi
1116 2490 1259 2559 subsidio
1276 2491 1417 2576 depone-

349 2708 453 2778 2111111
462 2709 494 2762 F.
504 2738 540 2749 -
557 2708 652 2764 scribit
661 2709 767 2764 Ennius
778 2710 914 2764 Laetus.
929 2738 963 2748 -
978 2708 1136 2778 4pretorF.
1152 2738 1187 2748 —
1203 2710 1273 2779 fort.
1284 2709 1418 2764 exercitu.

269 2794 463 2863 cf.p.3l,1.-
475 2794 571 2847 btnter
580 2807 627 2848 eos
637 2794 719 2862 etqui
728 2795 818 2848 laeua.
828 2800 890 2849 octo
901 2793 952 2848 luc.
961 2795 990 2846 in
999 2810 1027 2861 p.
1035 2825 1068 2832 —
1077 2797 1267 2862 attemptasset
1276 2793 1418 2850 FMVbc.

272 2907 304 2917 -
322 2881 510 2947 (suppressum
520 2877 582 2941 iret]
600 2878 701 2949 11νίρεί
708 2878 795 2933 deleto
807 2879 903 2946 hostis,
921 2878 1044 2946 oppressi
1061 2878 1158 2947 libri,
1176 2879 1312 2949 oppressit
1328 2880 1417 2949 vulg.

272 2962 349 3030 ch,
362 2963 526 3031 opprimeret
534 2962 712 3030 Bentinus,
724 2957 801 3032 ‘fort
811 2963 858 3031 qui
867 2978 899 3017 eo
908 2961 954 3030 qui
1011 2959 1186 3032 opprimeret'
1198 2963 1268 3034 LSp.
1280 2995 1311 3003 -
1320 2964 1419 3030 hostis]

274 3045 340 3099 bia
357 3062 414 3100 rar.
431 3046 467 3112 F,
491 3050 523 3101 ut
539 3049 631 3101 hostes
648 3047 681 3100 B.
708 3076 741 3086 —
769 3050 782 3099 7
800 3062 913 3116 peregre
930 3060 1002 3099 corr.
1020 3062 1059 3100 cx
1075 3062 1190 3116 peregre
1213 3055 1244 3101 ut
1260 3047 1313 3102 uid.
1333 3049 1364 3103 F.
1384 3078 1420 3090 -

276 3135 307 3186 11
325 3130 380 3194 bic]
399 3130 538 3198 Mulier,
555 3131 598 3184 his
615 3131 702 3185 libri
719 3131 751 3195 (is
769 3132 806 3199 p),
824 3133 893 3186 haec
909 3130 994 3199 vulg.
1012 3147 1051 3184 ecc
1067 3132 1099 3185 Β.
1117 3162 1151 3170 -
1167 3132 1300 3201 pluribus]
1320 3149 1371 3187 om.
1384 3133 1419 3202 B,

275 3217 410 3270 Laetus.
428 3245 462 3254 -
488 3215 640 3283 copulatur]
659 3215 733 3280 GH,
751 3215 898 3282 Laetus,
923 3215 1071 3285 populatur
1088 3215 1112 3269 F
1130 3232 1190 3270 cum
1208 3216 1278 3270 aliis.
1296 3246 1330 3257 -
1353 3217 1420 3273 nilla

273 3301 354 3370 quud]
373 3299 440 3355 uilla
458 3298 497 3354 sie
517 3302 554 3361 ·l·
574 3299 676 3355 dieitur
692 3300 766 3368 quod
776 3298 809 3354 V.
828 3295 906 3369 ‘fort
925 3303 1022 3354 cohors
1039 3301 1069 3354 in
1086 3301 1150 3355 villa
1168 3317 1221 3370 qua
1239 3297 1324 3355 circa’
1343 3300 1417 3371 LSp.

274 3415 308 3422 -
327 3389 359 3438 12
376 3389 446 3450 eum]
464 3383 540 3438 illum
550 3384 627 3439 V.-
645 3388 808 3448 ocereretur]
824 3384 849 3438 F
867 3400 927 3439 cum
938 3384 1085 3455 plerisque,
1104 3388 1279 3440 cohereretur
1297 3402 1322 3452 1,
1340 3401 1419 3441 coer·

274 3473 352 3524 cetur
367 3470 401 3537 B,
425 3472 597 3523 coerceretur
613 3468 755 3524 Veneta.
782 3469 859 3537 cous.
876 3469 935 3524 Vel.
955 3469 1040 3538 Long.
1059 3487 1104 3538 ap.
1122 3471 1231 3527 Wilm.
1250 3472 1284 3525 de
1300 3471 1380 3526 Varr.
1397 3470 1417 3524 l.

272 3570 313 3622 gr.
326 3569 353 3623 p.
366 3558 423 3609 183.
451 3553 571 3609 Christ
587 3552 684 3607 Philol.
695 3553 768 3621 XVI,
781 3558 840 3622 456,
859 3554 920 3625 LSp
938 3555 1024 3623 XVII,
1038 3560 1097 3623 291,
1114 3554 1220 3612 Riese
1236 3554 1347 3619 XXVII,
1357 3558 1417 3610 304.

275 3669 306 3679 -
327 3643 359 3694 13
371 3639 515 3709 ipsicrates
527 3638 559 3707 F,
576 3654 647 3692 corr.
657 3638 772 3692 Aldus.
792 3669 826 3678 -
842 3654 921 3706 grece
939 3639 1061 3708 Fllleil),
1079 3656 1176 3709 graece
1188 3657 1258 3696 corr.
1269 3655 1308 3694 ecc
1317 3654 1417 3708 graeco

275 3723 423 3789 FtGroth).
451 3754 484 3762 -
509 3719 627 3797 χόρτον]
646 3726 779 3779 cohortor
795 3722 828 3792 F,
847 3738 918 3778 corr.
938 3724 1130 3780 Turnebus.
1153 3757 1187 3766 -
1215 3730 1247 3781 14
1263 3716 1418 3793 manipulus

274 3807 446 3874 ..minimal
469 3807 547 3879 LSp,
567 3808 692 3875 Groth,
718 3808 870 3876 manipulos
890 3850 896 3862 .
917 3850 922 3862 .
940 3809 1065 3865 minimas
1088 3810 1181 3864 libri.
1209 3841 1243 3850 —
1270 3813 1419 3879 sequuntur

275 3891 414 3948 Laetus.
434 3923 467 3934 -
486 3899 518 3947 15
536 3892 675 3947 centuriae
693 3893 832 3947 Laetus.
851 3924 883 3933 -
902 3895 958 3962 qui]
976 3895 1106 3951 Muller
1122 3895 1170 3963 (cs.
1184 3894 1420 3964 §topraesidium

274 3977 378 4032 dictum
395 3980 460 4047 qui),
482 3994 551 4047 quae
568 3977 659 4031 libri.
686 3972 763 4047 ‘sort
782 3976 865 4046 quod'
884 3979 955 4048 LSp.
969 4011 1002 4020 -
1021 3984 1051 4034 11
1069 3979 1264 4033 Ramnensium
1281 3980 1417 4035 Laetus.

275 4090 308 4098 -
326 4061 433 4130 singula
448 4069 515 4134 post
529 4061 604 4117 milia
627 4060 689 4116 auu.
709 4062 847 4118 Laetus.
873 4093 908 4104 -
936 4069 967 4119 19
985 4069 1027 4128 11]
1045 4067 1074 4118 11
1090 4061 1181 4132 MVp
1196 4061 1342 4132 Laetus,
1369 4064 1420 4118 sed

275 4142 464 4201 Turnebus.
483 4176 517 4187 -
544 4151 576 4200 29
597 4146 680 4201 triani
701 4146 733 4200 F.
752 4177 785 4187 -
803 4151 833 4202 21
856 4150 978 4213 extremi]
996 4148 1106 4219 quidam
1126 4148 1203 4216 apud
1224 4149 1419 4232 Augustinum,

273 4229 402 4284 extremis
419 4230 510 4286 libri.
