3038 5048
257 281 317 340 142
572 281 687 337 LIBER
703 281 894 339 SEPTIMUS.
929 284 947 351 ὅ
965 283 1075 338 lla—ea

301 455 433 538 Terpom
454 462 611 541 specta,
641 454 735 523 vide
756 456 912 523 vivices
935 460 1110 539 quantas.
1134 455 1214 520 lam
1235 453 1419 539 inspexi

1012 557 1174 640 quidem
1197 553 1320 642 [essetl.

255 659 383 727 Vivices
405 661 469 725 alte
491 660 664 727 excitatum
688 660 875 728 verberibus
897 679 1020 744 corpus.

148 763 231 842 §64
337 765 376 829 ln
399 761 593 829 Cistellaria:

103 878 245 932 (nassau
298 863 383 929 Non
405 863 515 945 quasi
537 883 635 930 nunc
656 864 750 930 haec
772 869 862 930 sunt
882 863 944 930 hic
966 864 1128 931 limaces
1150 861 1313 930 lividae.
1438 877 1453 926 5

255 965 369 1030 Limax
392 966 433 1030 ab
462 967 555 1047 limo,
578 964 663 1049 quod
684 965 731 1031 ibi
751 965 840 1032 vivit.

296 1067 559 1150 Diobolares,
588 1068 893 1151 schoeniculae,
920 1067 1153 1135 miraculae.

255 1170 445 1235 Diobolares
475 1189 496 1234 a
525 1168 608 1234 binis
635 1170 747 1235 obolis.
792 1169 1021 1236 Schoeuioolae
1052 1170 1092 1236 ab
1115 1170 1268 1252 schoeno,
1304 1188 1412 1250 nuga-

103 1291 134 1342 a.
142 1289 180 1334 aa
188 1287 244 1342 sot
256 1271 336 1336 torio
359 1275 528 1354 unguento.
572 1271 746 1337 Miraculae
769 1292 789 1336 a
812 1271 914 1356 miris,
948 1270 983 1338 id
1012 1277 1061 1339 est
1093 1270 1256 1356 monstris,
1292 1291 1314 1336 a
1342 1291 1410 1354 quo

255 1372 369 1437 Accius
392 1371 437 1437 ait
458 1391 613 1455 personas
636 1373 779 1440 distortis
801 1374 909 1440 oribus
932 1373 1081 1441 deformis
1103 1373 1307 1440 Miriones.
1432 1382 1460 1434 to

148 1481 230 1560 §65
337 1472 476 1538 Ibidem:

298 1573 497 1658 Scretiae,
522 1575 803 1661 scrupipedae,
841 1578 1122 1662 strittabillae,
1144 1575 1332 1643 tantulae.
1367 1587 1371 1603 “

103 1696 133 1746 o·
142 1694 178 1736 ³4³
189 1693 248 1746 sau
258 1677 307 1742 Ab
331 1680 510 1744 excreando
528 1678 672 1744 Scratiae
687 1679 788 1745 siccas
803 1679 969 1761 significat.
1000 1680 1232 1764 Scrupipedam
1251 1677 1408 1742 Aurelius

341 1867 353 1916 1
383 1867 496 1931 tergum]
526 1864 625 1934 scripsi
653 1864 721 1918 duce
750 1865 811 1932 LSp
842 1865 890 1934 qut
918 1860 996 1932 ‘fort
1026 1880 1076 1932 age
1104 1880 1168 1930 ergo
1196 1863 1238 1917 vel
1263 1878 1280 1916 a
1307 1865 1406 1934 tergo'.

254 1963 351 2015 agerge
370 1947 402 2016 F,
430 1964 544 2018 agrege
562 1949 602 2017 H,
629 1964 746 2018 egrege
765 1949 802 2016 G,
828 1964 878 2016 age
899 1964 967 2017 euge
990 1950 1022 2016 B,
1045 1949 1141 2018 vulg,
1168 1964 1218 2016 age
1242 1963 1293 2015 age
1319 1949 1407 2004 Sca-

254 2032 350 2100 liger.
378 2047 429 2100 age
446 2037 572 2104 respecta
590 2034 781 2088 Turnebus.
810 2064 842 2072 —
870 2033 994 2102 spectaui
1012 2032 1151 2086 deuiuices
1169 2032 1305 2102 FMVp.
1331 2035 1406 2089 uibi-

255 2133 301 2171 ces
319 2117 351 2185 B,
369 2119 465 2188 vulg,
483 2121 564 2174 etiam
581 2119 667 2188 infra.
694 2149 728 2158 —
755 2123 770 2172 2
788 2118 905 2187 quidem]
928 2117 980 2171 boc
997 2117 1113 2171 votuisse
1130 2118 1182 2172 vid.
1200 2118 1223 2171 F
1240 2118 1270 2170 io
1288 2135 1344 2188 quo
1364 2127 1409 2175 est

254 2201 304 2271 qd,
331 2203 429 2257 sedin
451 2205 528 2259 nollo
553 2205 661 2273 quidem
683 2207 815 2276 arreptum
838 2211 894 2269 est,
920 2203 992 2271 quod
1014 2203 1074 2272 bp,
1101 2203 1166 2271 quid
1185 2203 1301 2257 ceteri.
1327 2205 1407 2274 conf.

254 2289 292 2341 act
307 2304 335 2356 p.
355 2293 413 2356 140,
433 2293 472 2343 13.
499 2320 532 2328 -
559 2294 640 2353 esset]
659 2289 709 2344 del.
729 2290 806 2358 LSp,
826 2293 868 2344 est
886 2287 1059 2356 Scaliger,
1086 2292 1177 2343 essent
1199 2290 1340 2343 Laetus.
1370 2320 1407 2328 —

255 2377 269 2427 3
288 2373 413 2428 uiuifices
430 2390 457 2443 p.
477 2405 509 2413 —
527 2375 591 2439 alte}
610 2376 680 2445 LSp,
697 2375 746 2429 alii
764 2375 863 2442 libri,
887 2374 981 2427 Aelius
998 2373 1162 2440 Ursinus,
1180 2373 1250 2426 delet
1268 2374 1405 2430 Turne·

254 2459 326 2513 bus.
355 2491 387 2498 -
414 2459 599 2514 tOlitellaria
625 2461 798 2528 Scaliger,
824 2458 986 2513 Neruolaria
1009 2458 1237 2528 Augustinus.
1263 2490 1297 2498 -
1325 2460 1407 2516 5hic

254 2561 306 2598 om.
320 2545 352 2600 G.
372 2545 417 2599 hic
435 2549 500 2598 sunt
517 2547 586 2600 haec
603 2564 630 2615 p.
650 2576 682 2584 -
701 2545 891 2600 'lDiouolares
903 2543 935 2610 F,
954 2560 1026 2598 corr.
1038 2544 1157 2598 Aldus.
1171 2544 1307 2614 proximo
1321 2547 1407 2601 verba

255 2631 309 2683 tria
336 2646 387 2684 om.
411 2629 500 2684 GHb.
528 2660 562 2668 -
588 2631 741 2685 scenicolae
761 2630 795 2698 F,
822 2629 955 2685 scenicole
973 2629 1054 2698 Vpa,
1081 2627 1218 2683 scenicule
1239 2629 1279 2696 M,
1305 2634 1405 2686 schoe-

252 2713 361 2768 niculae
381 2714 572 2768 Turnebus.
600 2745 634 2754 -
661 2720 676 2769 8
694 2714 848 2770 diouolares
867 2714 956 2768 sabini
974 2713 1075 2772 sobolis
1094 2712 1287 2783 FGHVap,
1304 2715 1405 2770 diouo·

252 2799 324 2852 lares
342 2798 434 2853 tibinis
453 2800 539 2854 obolis
562 2801 605 2867 M,
633 2817 703 2854 corr.
728 2800 759 2866 B,
787 2798 982 2854 Victorius.
1014 2830 1043 2838 -
1070 2799 1240 2853 schenicolas
1264 2815 1338 2853 corr.
1365 2816 1406 2855 ex

254 2883 415 2937 schenicolis
433 2901 504 2937 mou.
523 2891 553 2936 ut
573 2885 626 2939 oid.
646 2886 661 2937 2
680 2884 712 2952 F,
732 2883 897 2938 schenicolis
916 2883 998 2952 Gap,
1017 2883 1160 2938 scenicolis
1177 2884 1216 2951 M,
1235 2885 1405 2940 scernicolae

253 2967 288 3033 H,
308 2967 499 3022 schoeniculae
513 2969 696 3024 Turnebus.
716 3000 748 3008 -
768 2970 869 3022 scheno
882 2967 913 3035 F,
926 2984 1008 3024 sceno
1020 2969 1059 3035 M,
1072 2984 1167 3022 acerno
1180 2968 1214 3021 H.
1234 2999 1266 3006 -
1284 2969 1402 3025 nucario

253 3053 285 3118 B,
303 3052 417 3119 nugario
435 3053 474 3120 M,
493 3053 629 3108 Laetus.
649 3084 682 3091 —
700 3057 867 3120 tlnungento
886 3052 918 3119 F,
937 3067 1007 3105 corr.
1025 3053 1142 3107 Aldus.
1163 3084 1193 3091 -
1212 3053 1295 3106 muris
1314 3053 1349 3107 H.
1369 3085 1405 3094 —

253 3136 362 3190 mostris
375 3153 400 3190 a.
418 3167 452 3176 —
472 3142 502 3191 10
515 3138 645 3193 distortas
657 3137 689 3205 F,
708 3154 778 3191 corr.
791 3136 926 3204 Madvig
938 3138 1051 3190 Advers.
1065 3137 1117 3206 lp.
1129 3141 1169 3191 58.
1182 3139 1262 3193 Luc.
1273 3139 1303 3192 M
1309 3140 1405 3194 fuller

255 3221 343 3276 Lucil.
357 3239 385 3291 p.
396 3225 454 3277 306.
474 3254 505 3262 -
526 3228 553 3277 11
568 3223 677 3287 ibidem]
686 3223 759 3276 idem
769 3221 833 3276 GH.
853 3250 886 3259 —
898 3224 937 3298 Ι12
950 3222 1076 3286 scrattae]
1087 3224 1120 3289 B,
1137 3216 1320 3292 ‘quodoerom
1330 3224 1403 3279 oide-

255 3303 310 3360 tor'
325 3307 396 3376 LSp,
410 3308 522 3361 scraties
534 3308 633 3377 FVap,
646 3309 758 3363 seraties
769 3308 803 3373 H,
815 3307 963 3374 sacratices
975 3307 1007 3373 d,
1020 3307 1129 3361 streties
1139 3307 1202 3375 Mb,
1216 3311 1343 3377 scraptae
1355 3327 1402 3380 ap.

255 3391 327 3446 Noo.
343 3409 371 3462 p.
383 3396 441 3460 169,
459 3397 580 3448 scrattae
597 3411 643 3464 ap.
658 3392 724 3448 Gell.
736 3399 760 3461 3,
771 3398 796 3461 3,
814 3393 951 3449 sorantiae
969 3392 1056 3460 vulg.
1075 3393 1114 3462 cs.
1133 3391 1272 3447 Ritschl
1290 3393 1401 3463 Pa'rerg.

255 3481 408 3546 84,174sq.
427 3509 461 3517 -
479 3479 666 3548 scrupipedae]
685 3479 824 3544 Muller,
841 3494 937 3547 ruppe.
956 3477 1015 3532 ides
1032 3477 1055 3530 F
1074 3482 1100 3532 et
1118 3479 1217 3533 omisso
1232 3487 1337 3549 puncto
1349 3479 1403 3549 Vp,

254 3562 401 3632 ruppeides
420 3563 458 3629 M,
476 3581 564 3634 ruppe
581 3565 609 3618 id
628 3568 671 3619 est
688 3565 742 3631 ab,
766 3580 872 3633 ruppae
889 3564 918 3617 id
937 3580 965 3617 es
984 3563 1020 3631 H,
1036 3580 1122 3633 ruppe
1138 3563 1168 3616 id
1185 3568 1228 3618 est
1246 3563 1280 3631 G,
1305 3580 1401 3633 scrup-

254 3649 342 3717 pedae
360 3649 391 3715 B,
409 3649 532 3717 Aldus,
552 3650 706 3716 Gellius,
724 3649 870 3712 Nonius,
890 3648 1068 3718 scrabipedae
1086 3649 1203 3702 Loewe
1216 3648 1311 3704 Prodr.
1326 3664 1400 3718 corp.

255 3735 335 3801 gloss.
354 3751 381 3803 p.
402 3737 448 3789 281
469 3750 508 3801 sq.
534 3765 567 3772 -
594 3734 779 3798 strittabillae]
797 3734 946 3788 rittabillae
964 3733 987 3787 F
1007 3734 1059 3800 (vel
1075 3732 1243 3800 riatabillae,
1262 3733 1401 3787 simillimo

256 3820 325 3871 enlm
343 3824 407 3872 suot
424 3836 440 3872 r
457 3825 483 3872 et
500 3821 529 3884 tl,
556 3819 677 3873 rittabile
694 3819 728 3886 V,
746 3819 855 3873 ritabile
874 3819 934 3873 GH
944 3821 1002 3886 ab,
1019 3818 1144 3873 rictabile
1162 3836 1196 3887 p,
1213 3817 1344 3872 ruttabile
1361 3818 1401 3885 M,

256 3904 421 3958 strittivillae
439 3903 589 3971 Gellius,
615 3904 790 3958 strictivellae
808 3904 955 3971 Nonius,
979 3904 1141 3958 stritabillae
1158 3902 1244 3966 vulg.
1263 3903 1401 3956 titubillae

257 3988 372 4043 Groth.
392 4020 424 4029 —
442 3988 563 4042 tantaleo
581 3988 607 4055 b,
627 3989 753 4042 sordidae
772 3989 919 4055 Gellius,
942 3989 1091 4056 Nonius,
1109 3985 1252 4040 edentulae
1270 3985 1399 4041 Loewe.

256 4101 288 4110 —
310 4076 340 4125 13
359 4073 394 4126 ab
412 4075 565 4128 excreando
577 4074 610 4142 F,
629 4074 663 4127 ab
682 4075 834 4129 exercendo
847 4073 882 4141 H,
899 4073 935 4128 ab
954 4075 1086 4129 screando
1104 4071 1159 4125 vul
1165 4086 1190 4137 g.
1208 4076 1402 4138 exspectamus

256 4162 305 4210 aut
323 4158 439 4212 scratiae
458 4158 493 4211 ab
511 4159 653 4226 screando,
672 4159 790 4213 scratiae
809 4177 830 4213 s.
844 4158 893 4228 sig.
907 4165 955 4212 aot
973 4157 1091 4212 scratiae
1109 4154 1144 4208 ab
1162 4153 1295 4208 screando
1315 4170 1335 4207 s.
1350 4156 1399 4223 sig.

256 4270 290 4280 —
308 4241 433 4306 scratiae]
453 4242 484 4310 B,
503 4243 616 4298 scraties
628 4243 660 4311 F,
680 4244 792 4298 stracies
805 4243 831 4296 b.
851 4275 883 4283 -
902 4243 991 4297 siccas
1008 4238 1236 4310 significat1LSp,
1255 4238 1295 4292 sic
1313 4240 1400 4308 assig-
