3038 5048
539 317 653 371 LIBER
670 317 818 373 SEXTUS.
855 320 872 386 §
891 322 924 372 49
936 323 1065 386 (lor-50.
1337 323 1378 381 89

232 511 255 557 a
277 490 448 575 memoria,
479 510 574 574 quom
595 490 628 556 in
650 489 684 556 id
706 491 792 574 quod
813 493 964 558 remansit
985 493 1018 558 in
1046 500 1152 561 mente
1179 513 1287 561 rursus
1314 518 1379 562 mo-

232 599 344 676 vetur;
367 611 450 675 quae
471 615 492 660 a
513 591 672 660 manendo
693 599 729 658 ut
748 593 938 661 blanimoria
957 600 1063 681 potest
1084 616 1156 664 esse
1178 594 1272 663 diota.
1315 598 1378 663 Ita-

232 711 297 776 que
326 693 409 761 Salii
436 693 523 777 quod
551 701 681 761 cantant
708 696 878 762 Mamuri
899 698 1039 765 Veturi
1061 699 1241 780 significant
1262 719 1511 771 memo-urun-

231 794 317 863 riam
339 847 348 862 .
372 820 397 881 .;
440 797 481 862 ab
504 798 617 864 eodem
638 797 784 882 Monere,
810 799 897 882 qnod
918 802 946 867 is
969 802 1023 884 qui
1045 806 1166 886 monet,
1189 801 1322 887 proinde
1342 824 1382 870 ao

192 908 210 959 s
231 897 276 967 sit
297 900 465 986 memoria;
487 899 534 966 sic
556 901 751 967 Morimenta
772 922 855 985 quae
877 904 909 969 in
931 904 1097 989 sepulcris,
1119 911 1151 971 et
1172 904 1247 972 ideo
1269 925 1379 973 secun-

232 1001 311 1069 dum
334 1002 437 1087 viam,
461 1021 523 1085 quo
545 1004 780 1087 praetereuntis
801 1006 997 1074 admoneant
1019 1013 1051 1073 et
1073 1027 1108 1074 se
1130 1007 1229 1073 fuisse
1251 1015 1283 1074 et
1304 1007 1379 1074 illos

233 1122 308 1171 esse
322 1105 476 1172 mortalis.
509 1107 561 1172 Ab
584 1127 623 1173 eo
646 1111 774 1174 caetera
795 1127 879 1189 quae
900 1109 1019 1193 scripta
1039 1130 1078 1176 ao
1099 1110 1185 1176 faeta
1206 1110 1379 1177 memoriae

232 1226 332 1273 eausa
363 1208 560 1275 Monimenta
593 1208 689 1275 dicta.
746 1210 890 1277 Maerere
923 1230 944 1274 a
975 1232 1132 1296 marcere,
1167 1213 1253 1296 quod
1282 1213 1380 1280 etiam
1401 1220 1421 1298 ς
1444 1223 1483 1282 50

231 1329 348 1393 corpus
377 1306 556 1397 maroeso[it
576 1309 747 1398 mucrolre3
779 1312 854 1377 hinc
882 1313 978 1378 etiam
999 1315 1098 1380 Macri
1120 1314 1206 1381 dicti.
1250 1317 1378 1382 Laetari

180 1419 211 1470 1⁰
230 1412 275 1479 ab
305 1432 343 1479 eo
374 1411 460 1495 qnod
488 1412 584 1479 latius
612 1413 765 1494 gaudium
792 1420 921 1500 propter
949 1417 1056 1499 magni
1091 1417 1166 1483 boui
1195 1418 1377 1501 opinionem
1386 1437 1417 1486 n·
1427 1432 1518 1485 22⁷er

230 1512 395 1582 diffusum.
440 1517 552 1597 Itaque
573 1517 738 1583 Iuventius
760 1517 819 1582 ait:

272 1616 433 1686 Gaudia
453 1638 527 1685 sua
547 1619 582 1685 si
605 1639 742 1687 omnes
764 1619 947 1688 homines
969 1625 1180 1690 conferant
1201 1644 1318 1691 unum
1339 1625 1378 1690 in

1194 1728 1335 1811 locum,

229 1917 308 1987 ‘sort
327 1910 464 1974 formidat,
482 1925 564 1978 quom
582 1912 688 1978 [parum
704 1913 847 1977 movetur],
864 1912 946 1977 pavet
963 1906 1001 1964 et‘
1017 1908 1086 1978 LSp.
1118 1911 1193 1980 conf.
1206 1911 1303 1967 Philol.
1314 1913 1379 1968 XVI

228 2016 258 2069 p.
277 2002 344 2066 456,
370 1995 493 2052 christ
509 1993 588 2048 XVII
611 2011 639 2063 p.
658 1997 716 2047 292.
745 2025 779 2032 -
807 2000 819 2047 1
840 2011 920 2063 quom
942 1993 972 2047 in
995 1994 1024 2046 id
1041 1995 1114 2063 quod
1136 1998 1267 2052 remansit
1290 1999 1319 2051 in
1343 2016 1378 2053 m.

227 2088 335 2149 maus]
359 2082 473 2154 scripsi,
500 2095 581 2150 quom
604 2080 633 2133 id
657 2082 731 2150 quod
752 2095 854 2134 remen.
879 2079 908 2132 in
930 2096 965 2132 m.
989 2080 1018 2133 in
1040 2081 1070 2133 id
1088 2082 1160 2150 quod
1181 2099 1277 2138 rursus
1295 2084 1379 2140 libri

228 2171 285 2226 uisi
302 2169 379 2241 quod
395 2166 410 2222 f
425 2183 476 2221 om.
493 2165 569 2220 inid
587 2167 674 2235 quod,
701 2182 755 2235 quc
773 2167 801 2219 iu
820 2166 879 2219 cod.
898 2180 956 2219 ccc.
975 2170 1066 2220 mente
1085 2168 1247 2222 terruiuctur
1258 2171 1377 2240 papiria.

227 2257 259 2312 id
276 2255 351 2326 quod
367 2260 394 2309 ct
410 2253 441 2306 in
457 2253 487 2306 id
504 2251 577 2322 quod
595 2251 633 2304 cd
649 2251 761 2306 eaodem
783 2251 948 2321 scripturam
971 2250 1023 2306 oid.
1048 2260 1172 2322 spectare
1189 2261 1221 2308 ut
1239 2257 1379 2324 posterius

227 2339 389 2412 corripcudi
403 2353 488 2392 causa
506 2338 543 2392 sit
560 2336 691 2391 additum.
723 2334 803 2405 ‘fort
822 2336 851 2390 in
868 2337 897 2390 id
915 2338 988 2405 quod
1004 2335 1058 2392 fuit
1078 2354 1173 2392 rursus
1197 2343 1333 2407 movetur,
1360 2357 1378 2394 a

226 2421 377 2482 manando’
404 2424 475 2493 LSp.
511 2422 551 2493 cf.
576 2421 698 2477 Reiter
723 2439 751 2491 p.
771 2426 811 2476 sl.
838 2452 872 2461 -
899 2422 1074 2485 2manendo]
1101 2421 1377 2491 Rholandellus,

227 2511 365 2567 manando
383 2509 479 2564 libri.
492 2538 526 2548 —
537 2507 716 2564 maniomoria
733 2507 796 2561 ΕΜ
806 2506 825 2574 f,
842 2507 1010 2561 manomoria
1027 2507 1092 2577 Hp,
1112 2507 1287 2562 mamomoria
1296 2508 1329 2563 V.
1343 2538 1377 2548 —

229 2602 245 2651 3
263 2596 346 2666 quod]
364 2595 412 2663 qni
429 2595 468 2664 M,
487 2595 623 2650 Laetus.
642 2625 676 2632 —
692 2592 817 2647 mamurii
833 2592 919 2646 libri
938 2593 1060 2659 (memuri
1080 2593 1114 2660 H,
1132 2593 1261 2646 memuria'
1277 2593 1307 2645 in
1327 2595 1376 2662 M),

228 2698 302 2738 corr.
320 2681 509 2735 Turnebus.
537 2711 570 2720 -
596 2678 694 2742 voturi]
713 2678 907 2745 Turnebus,
930 2678 1017 2733 ueteri
1034 2678 1093 2749 Vp,
1112 2682 1235 2733 ueterum
1254 2680 1376 2734 ceteri.

227 2763 330 2821 ‘malim
347 2761 457 2821 Vetusi’
469 2767 540 2835 LSp.
558 2752 593 2805 ’-
606 2759 687 2833 ‘fort
707 2757 937 2831 significat'LSp.
955 2794 989 2804 —
1006 2764 1162 2818 memoriam
1180 2786 1192 2812 s
1208 2770 1232 2829 s]
1251 2765 1376 2820 lacunam

229 2851 443 2919 iudicauitLSp,
461 2851 538 2920 quod
554 2852 583 2903 iu
601 2850 624 2903 F
641 2850 700 2919 fuit
716 2851 826 2905 verbum
844 2848 919 2918 quod
935 2848 993 2918 lapi
1009 2866 1064 2903 acc
1078 2855 1202 2920 poterat,
1220 2851 1377 2905 memoriam

228 2942 350 2993 metuere
367 2936 426 3005 Vp,
443 2937 599 2997 memoriam
616 2935 761 2989 meminere
779 2935 819 3003 M,
836 2934 992 2990 memoriam
1008 2951 1118 2989 monere
1136 2936 1254 2990 ceteri.
1276 2952 1375 2992 memo·

227 3023 306 3078 riam.
324 3022 446 3077 Momere
462 3021 596 3077 Laetus
614 3020 768 3084 (Victorius
795 3020 882 3075 deleto
909 3020 1031 3075 Momere
1057 3021 1187 3076 vocabulo
1214 3021 1376 3092 adscripsit:

228 3108 269 3162 sic
291 3107 332 3161 ibi
349 3107 460 3162 verbum
483 3107 556 3176 quod
577 3106 632 3174 legi
654 3121 711 3158 non
733 3105 841 3174 potuit).
876 3107 1041 3161 Mamurium
1057 3106 1201 3161 Veturium
1223 3107 1377 3176 significant

228 3197 346 3248 voterem
357 3191 522 3246 memoriam.
535 3191 649 3246 Monere
666 3191 702 3244 ab
720 3192 815 3245 eadem
826 3192 911 3260 vulg.
925 3208 962 3246 ccc
973 3192 1005 3245 B.
1029 3185 1109 3260 ‘fort
1120 3190 1218 3246 Veturi
1230 3191 1306 3254 lutet,
1324 3192 1379 3245 uisi

222 3277 319 3348 potius
330 3277 388 3346 fuit
398 3277 562 3332 memorium.
575 3276 688 3331 Monere
700 3276 736 3329 ab
748 3276 842 3329 eadem
852 3272 994 3332 memoria’
1008 3277 1079 3345 LSp.
1098 3307 1131 3315 —
1150 3281 1166 3328 4
1184 3278 1277 3331 eadem
1289 3277 1375 3330 Lue-

227 3367 291 3417 tus.
310 3392 343 3400 —
360 3379 496 3417 monerem
513 3361 662 3416 FGHaf.
683 3392 713 3400 —
733 3377 766 3415 ac
784 3362 829 3427 sit]
847 3364 947 3433 scripsi
965 3364 1013 3433 (cf.
1030 3367 1071 3431 91,
1092 3368 1123 3418 15
1140 3365 1254 3432 proinde
1272 3369 1303 3419 ut
1321 3364 1374 3431 sit),

227 3451 264 3507 sit
282 3466 316 3504 uc
333 3449 426 3516 libri,
452 3443 530 3517 ‘fort
549 3453 592 3503 est
615 3443 658 3502 ac'
679 3448 750 3517 LSp.
778 3480 810 3487 —
838 3449 912 3503 5sic
929 3450 1146 3505 monumentaG
1170 3468 1219 3505 occ
1243 3449 1310 3504 Vict.
1338 3451 1376 3505 ud

227 3536 309 3591 lacti
325 3534 364 3589 sic
382 3523 547 3589 monimenta
564 3536 711 3604 quicquum
728 3535 847 3599 notavit,
874 3534 911 3587 sit
927 3535 1039 3588 monitio
1057 3540 1148 3591 menta
1165 3535 1340 3590 HMVabf
1345 3554 1372 3606 p.

227 3652 260 3661 -
279 3624 295 3673 6
313 3619 509 3675 admoveantF
526 3618 603 3691 opud
621 3618 688 3673 Vici.
708 3650 740 3658 —
760 3625 774 3672 7
792 3620 920 3674 mortales
932 3619 997 3687 Mu,
1014 3619 1138 3674 Laetus
1156 3623 1218 3684 (tac.
1234 3620 1321 3681 Victi.
1341 3653 1374 3662 —

227 3710 242 3761 8
260 3706 435 3770 monimenta]
453 3704 507 3775 Fi,
525 3709 700 3760 monumenta
718 3705 876 3774 GHVubp
894 3705 1035 3759 Laetus.
1053 3734 1088 3743 -
1103 3711 1233 3770 marcere]
1251 3721 1374 3762 marcore

227 3790 409 3859 Augustin.
428 3808 514 3862 mcrp.
540 3791 689 3847 Stunkel
714 3807 742 3859 p.
765 3794 804 3845 14.
832 3821 866 3829 -
892 3794 908 3842 9
932 3786 1010 3859 ‘fort
1036 3806 1135 3859 corpus
1158 3784 1222 3844 ἀεί’.
1241 3789 1312 3860 LSp.
1339 3822 1374 3831 —

226 3875 372 3929 marcescit
388 3882 521 3941 maerore]
539 3878 653 3948 scripsi,
670 3891 839 3930 marcescere
855 3874 955 3942 libri,
979 3877 1026 3928 cui
1042 3876 1172 3930 uocabulo
1191 3875 1291 3930 dicitur
1308 3877 1371 3932 cdd.

227 3961 368 4029 Laetus,
403 3962 511 4017 videtur
536 3963 569 4028 B,
605 3965 730 4018 videntur
760 3963 845 4029 vulg.
880 3956 1144 4030 ‘Pseudo-Apuleius
1178 3979 1205 4030 p.
1235 3967 1295 4017 139:
1332 3964 1371 4018 M.

227 4046 372 4102 Terentius
396 4047 450 4114 ait,
475 4064 583 4104 maereo
607 4049 706 4103 dicitur
728 4063 760 4101 eo
785 4049 857 4116 quod
878 4064 977 4117 corpus
995 4048 1077 4101 otiam
1093 4063 1262 4103 marcescere
1278 4050 1370 4107 faciat.

228 4132 304 4202 opud
330 4131 488 4186 Tortcllium
516 4134 611 4189 melias
637 4127 722 4187 facit'
749 4134 819 4202 LSp.
847 4165 880 4173 -
909 4138 939 4188 11
957 4133 1086 4186 iuuentus
1114 4132 1199 4200 Huf,
1227 4135 1371 4193 Terentius

226 4214 489 4273 Rholandellus.
526 4221 602 4288 conf.
620 4219 780 4272 Ribbeck
799 4234 865 4272 com.
884 4217 932 4271 fr.²
949 4235 976 4287 p.
996 4221 1036 4272 82.
1061 4246 1095 4255 -
1114 4222 1146 4272 12
1165 4219 1251 4274 omnis
1269 4222 1371 4292 MVp.

227 4330 259 4341 -
286 4301 402 4358 hominis
429 4303 530 4373 MVp.
565 4299 635 4372 ‘sort
661 4303 752 4357 omnia
780 4298 879 4358 omnis'
906 4304 976 4373 LSp.
1006 4302 1043 4373 cf.
1065 4301 1179 4358 Emend.
1198 4322 1270 4376 spec.
1298 4326 1326 4381 p.
1346 4314 1370 4367 4,
