3038 5048
297 277 361 338 204
648 277 763 336 LIBER
778 277 910 336 NONUS.
945 279 1091 348 ibt-³4.

297 449 508 519 madverteris
529 451 607 519 item
628 450 661 517 in
676 471 716 519 ea
733 450 997 519 innumerabilem
1010 448 1263 518 similitudinum
1277 471 1456 536 numerum,

296 557 333 620 ut
353 553 449 620 trium
470 558 649 639 temporum
671 554 784 639 verba,
806 559 841 622 ut
862 553 957 621 trium
978 570 1197 639 personarum.

383 657 435 720 25.
471 654 551 734 Quis
579 655 664 723 enim
691 661 798 742 potest
824 677 889 725 nen
917 675 983 723 una
1009 653 1288 724 animaduertisse
1313 654 1456 724 inomni

298 755 442 824 oratione
464 777 536 825 esse
558 764 593 825 ut
614 758 777 843 Legebam
799 758 889 842 Lego
911 757 1033 840 begam
1054 757 1102 823 sic
1122 756 1214 839 Lego
1228 756 1338 841 Legis
1354 757 1455 844 Legit,

297 877 369 925 cum
397 857 479 926 haec
507 858 623 926 eadem
651 859 797 926 dicantur
825 860 908 925 alies
936 867 971 926 ut
998 858 1142 943 singula,
1174 856 1264 924 alias
1296 863 1336 926 ut
1366 861 1484 944 pluras

296 958 536 1044 significentur?
568 962 648 1042 Quis
675 968 725 1029 est
749 968 815 1029 tam
837 961 948 1028 tardus
970 961 1026 1043 qui
1045 960 1118 1027 illas
1140 977 1275 1042 quoque
1297 981 1370 1029 non
1392 961 1454 1030 ani·

145 1061 505 1131 o.csso.¹rmadverterit
526 1062 767 1146 similitudines,
794 1063 909 1146 quibus
930 1062 1048 1130 utimur
1070 1058 1124 1148 [io]
1147 1062 1367 1149 imperando,
1391 1063 1456 1146 qui-

297 1164 358 1232 bus
384 1163 418 1230 in
446 1165 601 1251 optando,
635 1166 751 1249 quibus
778 1165 811 1232 in
838 1164 1079 1249 interrogando,
1112 1163 1228 1246 quibus
1259 1164 1299 1232 in
1325 1164 1458 1234 infectis

297 1266 402 1351 rebus,
425 1268 541 1350 quibus
563 1267 596 1334 in
617 1269 777 1352 perfectis,
800 1267 901 1334 sicin
923 1267 995 1334 aliis
1017 1263 1279 1333 discriminibus?

188 1371 271 1450 §33
382 1372 434 1437 26.
471 1369 577 1450 Quare
612 1369 668 1451 qui
702 1377 821 1454 negant
857 1388 928 1437 esse
963 1369 1121 1436 rationem
1157 1367 1355 1454 analogiae,
1394 1390 1459 1438 non
1477 1379 1501 1433 ll.

296 1469 408 1537 vident
429 1475 575 1537 naturam
597 1492 661 1538 non
683 1471 786 1538 solum
814 1472 984 1555 orationis,
1015 1470 1074 1539 sad
1101 1468 1200 1537 etiam
1228 1469 1368 1556 mundi;
1403 1471 1460 1556 qui

296 1577 404 1640 autem
426 1571 536 1638 vident
559 1577 591 1637 ct
618 1573 710 1655 sequi
737 1579 856 1656 negant
883 1579 1030 1658 oportere
1037 1623 1046 1658 ,
1078 1577 1223 1658 puguant
1250 1578 1374 1640 contra
1401 1594 1457 1643 na·

296 1678 409 1756 turam,
431 1693 495 1738 non
517 1678 627 1738 contra
649 1675 831 1760 analogian,
854 1682 888 1742 et
907 1681 1052 1762 pugnent
1067 1674 1211 1758 volsillis,
1234 1693 1305 1741 non
1327 1676 1457 1759 gladio,

295 1793 367 1840 cum
389 1794 496 1858 panca
517 1782 654 1861 excepta
675 1777 777 1845 verba
805 1798 846 1845 ex
873 1778 990 1863 pelago
1018 1776 1174 1844 sermonis
1195 1777 1318 1862 populi
1346 1779 1457 1849 minus

295 1872 371 1940 trita
392 1874 539 1960 afferant,
562 1898 634 1945 cum
657 1879 766 1946 dicant
786 1885 957 1966 propterea
977 1880 1144 1964 analogias
1165 1900 1229 1946 non
1251 1897 1341 1965 csse,
1364 1881 1456 1949 simi·
1477 1888 1501 1941 b

294 1975 368 2043 liter
389 1984 440 2061 ut,
469 1978 498 2044 si
520 1980 591 2061 quis
613 1981 729 2049 uiderit
750 1982 895 2048 mutilum
920 1982 1033 2049 bovem
1054 1987 1110 2047 aut
1137 1981 1259 2047 luscum
1283 1981 1457 2051 hominem

143 2078 593 2167 o-aasr.¹rclaudieantemque
615 2103 747 2167 equum,
773 2090 870 2166 neget
892 2082 923 2150 in
946 2078 1116 2168 [cornibus]
1138 2081 1257 2149 bovom
1278 2082 1456 2153 hominum

295 2185 328 2250 ct
349 2199 503 2263 equorum
525 2190 640 2250 natura
660 2185 883 2253 similitudines
904 2183 1109 2270 proportione
1131 2187 1289 2252 constare.

188 2289 208 2369 ξ
230 2287 272 2351 34
379 2287 431 2350 27.
467 2283 530 2363 Qui
551 2292 658 2354 autem
680 2287 743 2355 duo
765 2306 885 2370 genera
906 2306 977 2354 esse
1000 2285 1109 2351 dicunt
1130 2284 1318 2371 analogiae,
1347 2308 1455 2358 unum

294 2386 457 2469 naturale,
491 2387 578 2469 quod
600 2393 635 2453 ut
657 2408 698 2454 ex
728 2389 806 2452 lenti
824 2396 974 2456 nascatur
995 2387 1089 2456 lentis
1110 2387 1158 2454 sic
1179 2407 1221 2454 ex
1243 2383 1379 2478 [lapsae]
1404 2391 1455 2459 ln·
1475 2399 1503 2452 a]

381 2607 392 2656 1
414 2604 591 2676 inea1LSp,
609 2607 639 2661 in
656 2622 716 2662 eam
732 2608 765 2678 F,
783 2608 813 2663 in
830 2609 885 2664 eeis
905 2608 1104 2678 Scioppius,
1126 2607 1156 2661 in
1172 2622 1235 2662 cum
1252 2607 1396 2664 Mllller.
1416 2640 1453 2650 -

295 2688 511 2755 similitudinum]
539 2691 742 2762 Scioppius,
769 2693 972 2749 similitudinem
995 2693 1027 2748 F.
1054 2724 1089 2732 —
1113 2707 1256 2748 numerum
1281 2691 1358 2749 delet
1382 2693 1451 2766 LSp

293 2781 403 2831 servato
421 2774 633 2832 similitudinem.
661 2809 694 2818 -
720 2781 736 2831 2
754 2779 838 2834 verba
855 2783 894 2842 ut]
912 2780 988 2834 verbi
1004 2781 1054 2834 aut
1071 2778 1141 2848 LSp.
1158 2778 1261 2833 rectius
1276 2776 1351 2847 fort.
1368 2779 1452 2835 uerbi

294 2864 330 2916 et.
349 2891 382 2900 —
400 2864 416 2915 3
434 2878 490 2917 non
507 2865 571 2929 una]
590 2863 701 2918 nomina
717 2862 783 2919 MV
791 2879 810 2932 p
828 2864 970 2932 Laetus,
987 2879 1043 2919 non
1060 2863 1145 2933 vulg.
1164 2879 1203 2918 ex
1220 2863 1252 2917 B.
1275 2892 1310 2901 -
1337 2863 1448 2932 dlegol

293 2943 353 3012 lego
371 2945 431 3012 lego
449 2945 481 2999 F.
499 2976 534 2986 —
551 2947 600 3011 sic]
619 2947 643 3001 si
660 2947 694 3015 F,
712 2963 784 3003 corr.
803 2947 977 3003 Bentinus.
997 2979 1029 2988 —
1048 2947 1230 3016 bsignificent
1246 2946 1335 3016 vulg.
1354 2962 1395 3005 cx
1412 2949 1448 3004 B.

292 3056 327 3066 -
345 3028 576 3094 animaduerterit]
594 3031 666 3101 LSp‚
693 3032 888 3088 animaduertit
905 3032 938 3099 F,
965 3033 1165 3089 animaduertat
1187 3031 1383 3101 Scioppius.
1412 3065 1449 3075 -

293 3111 356 3166 lin
373 3112 542 3183 imperando]
569 3117 772 3187 Scioppius,
798 3117 957 3187 imperando
975 3118 1008 3172 F.
1035 3148 1068 3156 —
1096 3110 1208 3187 8‘fort.
1231 3115 1329 3172 infecti
1351 3117 1447 3175 uerbis

293 3215 391 3284 quibus
402 3215 432 3269 in
442 3212 569 3285 perfecti‘
581 3217 653 3288 LSp.
666 3250 700 3259 -
717 3223 733 3272 9
746 3219 816 3283 aliis]
829 3219 904 3288 corrf.
915 3219 1037 3275 Reiter
1048 3235 1075 3288 p.
1087 3222 1184 3288 112sq.
1202 3249 1237 3260 -
1256 3197 1447 3276 10⁰rationem

292 3299 325 3354 F.
351 3295 430 3371 ‘sort
452 3301 482 3355 in
505 3302 629 3358 oratione
651 3297 810 3372 analogian'
834 3304 905 3375 LSp.
932 3334 966 3343 —
991 3320 1047 3359 non
1069 3304 1145 3359 uidet
1165 3304 1198 3359 F.
1225 3334 1260 3344 -
1287 3308 1318 3359 12
1337 3308 1444 3374 numm]

291 3385 418 3455 tumVp,
436 3386 585 3455 cumMB,
602 3388 741 3444 Laetus.
760 3418 794 3428 —
814 3394 846 3444 14
862 3388 966 3459 populi]
979 3389 1050 3458 LSp‚
1068 3387 1127 3460 puli
1138 3390 1171 3458 F,
1188 3388 1253 3459 puri
1269 3388 1388 3445 Aldus
1407 3419 1444 3432 -

293 3476 325 3526 15
340 3465 421 3542 ‘fort
434 3487 496 3527 cum
507 3470 623 3528 efferant
631 3490 686 3544 pro
698 3472 815 3529 afferant
827 3467 901 3528 cum'
912 3474 985 3545 LSp.
1004 3506 1038 3515 —
1060 3479 1091 3529 16
1109 3469 1189 3545 ‘fort
1201 3477 1233 3530 ut
1244 3473 1278 3541 si,
1295 3473 1382 3542 siquis
1398 3473 1445 3528 ccl

292 3556 352 3626 quis
365 3552 423 3626 qui'
438 3558 509 3628 LSp.
521 3557 584 3614 licet
600 3560 682 3614 ctiam
699 3563 731 3614 ut
748 3559 780 3627 si,
799 3558 853 3627 qui.
872 3590 905 3599 -
925 3564 955 3614 ll
969 3559 1169 3616 claudicantem
1180 3559 1220 3627 M,
1237 3559 1380 3627 Laetus,
1396 3558 1442 3614 uel

292 3642 492 3699 claudicantem
505 3643 694 3714 Scioppius.
706 3639 783 3714 ‘fort
798 3643 1042 3701 claudicantemuc'
1056 3645 1127 3714 LSp.
1140 3645 1215 3714 conf.
1229 3643 1350 3699 Reiter
1360 3662 1388 3715 p.
1396 3646 1441 3699 83.

291 3757 325 3768 -
343 3728 472 3783 cornibus
490 3745 540 3784 om.
559 3730 756 3800 Scioppius.
781 3729 950 3801 ademptam
973 3733 1034 3786 mat
1055 3728 1131 3784 baud
1152 3728 1232 3785 dubie
1254 3727 1291 3783 ad
1313 3728 1442 3784 mutilum

291 3828 390 3868 vocem.
412 3844 446 3852 —
468 3814 576 3878 bouem]
594 3815 634 3869 sic
652 3814 684 3880 F,
701 3815 800 3870 bouum
816 3813 878 3884 Hp,
902 3816 984 3871 boum
1001 3815 1091 3872 Vlla
1113 3817 1252 3872 Laetus.
1278 3843 1312 3854 ·-
1339 3815 1373 3868 18
1390 3817 1442 3869 aut

291 3913 422 3968 equorum
439 3899 508 3955 GH.
528 3930 559 3939 -
584 3905 615 3954 19
633 3899 689 3969 qni]
707 3893 783 3970 ‘sort
802 3896 886 3969 quod‘
906 3900 976 3970 LSp.
995 3901 1039 3956 ccl
1053 3917 1133 3970 quac.
1150 3931 1185 3940 -
1201 3902 1301 3962 numm]
1320 3913 1383 3954 cum
1399 3897 1441 3965 Μ,

291 3981 436 4052 Laetus,
455 3984 717 4054 automcumuulg.
731 4001 768 4039 ex
779 3984 812 4038 Β.
830 4016 864 4025 -
882 3986 1077 4056 esseam.Vp,
1095 3984 1216 4040 Christ.
1235 4014 1270 4024 -
1286 3977 1441 4052 ‘analogice

289 4067 359 4136 fort.
372 4066 432 4124 det?
446 4069 516 4139 LSp.
533 4100 568 4112 -
585 4074 618 4125 20
629 4068 697 4125 lenti
708 4073 848 4135 nascatur]
859 4072 968 4143 sopra,
986 4070 1060 4126 natis
1070 4071 1222 4126 naseuntur
1232 4068 1326 4123 libri.
1344 4067 1379 4123 dc
1390 4067 1439 4123 ab·

291 4150 373 4208 latice
391 4154 459 4210 lenti
476 4155 552 4225 cons.
566 4155 671 4211 Charis.
687 4158 745 4222 126,
759 4159 773 4208 'l
786 4158 841 4209 ctb
858 4156 904 4221 al,
922 4155 955 4211 de
972 4155 1138 4209 nominativo
1154 4152 1238 4208 lentis
1255 4153 1342 4208 Prisc.
1355 4158 1381 4222 l,
1394 4156 1437 4209 64.

290 4252 325 4292 cx
340 4236 462 4293 lentibus
479 4240 618 4296 seminatis
635 4243 788 4296 nascuntur
804 4239 887 4296 lentis
905 4240 945 4297 sic
962 4255 996 4294 ex
1012 4237 1115 4308 lupinis
1131 4237 1258 4306 lupinum
1276 4238 1298 4293 Β
1315 4243 1343 4294 et
1364 4254 1438 4308 quac
