3038 5048
94 926 109 976 5

82 1436 111 1489 10

451 332 564 389 LIBER
581 331 773 390 SEPTIMUS.
810 334 827 400 ἦ
845 337 954 387 4Ί-50.
1216 329 1273 389 137

216 504 311 590 Apud
332 503 503 571 Lucilium:

284 605 359 685 Qui
380 605 533 690 thynno
557 610 676 689 capto
699 606 854 673 cobium
876 606 1099 674 excludunt
1119 606 1240 691 foras,

130 717 177 778 ot·
283 809 497 896 Occidunt,
519 809 643 896 Lupe,
665 807 863 896 saperdae
886 815 923 877 te
945 815 985 878 et
1005 808 1095 877 iura
1116 809 1244 895 siluri,

131 917 176 980 et·
283 1013 399 1080 Sume
420 1017 503 1080 rete
524 1019 646 1097 atque
668 1014 810 1098 amian,

136 1113 273 1198 piscium
294 1114 423 1181 nomina
444 1122 517 1183 snnt
539 1135 712 1199 eorumque
733 1115 767 1183 in
789 1114 925 1183 Graecia
947 1113 1045 1198 origo.

217 1214 313 1302 Apud
335 1217 486 1285 Ennium:

284 1337 472 1401 quaeque
492 1319 531 1385 in
553 1340 721 1406 corpore
743 1338 844 1413 cava
866 1319 1032 1387 ceruleo
1054 1319 1161 1387 caeli
1188 1340 1275 1388 cor-

1295 501 1375 585 §47
1446 524 1461 559 t

1295 1218 1377 1296 §48

894 1421 980 1489 tina
1001 1427 1197 1508 receptat.
1285 1433 1428 1488 (nectens

132 1522 221 1589 (lava
244 1521 366 1589 cortina
387 1522 483 1608 dicta,
506 1523 593 1606 quod
615 1528 664 1591 est
685 1524 767 1590 inter
788 1528 905 1591 terram
928 1531 961 1592 et
982 1526 1106 1592 caelum
1127 1523 1170 1590 ad
1191 1524 1274 1591 simi·

131 1623 299 1692 litudinem
321 1625 462 1693 cortinae
483 1625 657 1711 Apollinis;
697 1646 736 1693 ea
765 1648 786 1693 a
814 1627 925 1713 corde,
956 1626 1042 1710 quod
1071 1627 1146 1693 inde
1175 1633 1276 1695 sortes

131 1726 256 1811 primae
278 1728 489 1795 existimatae.

217 1830 314 1915 Apud
336 1831 489 1897 Ennium:

1300 1829 1383 1908 sce

81 1946 110 2000 15
216 1932 319 2012 Quin
340 1931 433 2000 inde
455 1933 598 2000 invitis
619 1933 870 2018 sumpserint
892 1932 1186 2019 perduellibus.
1288 1941 1430 1997 necent

132 2033 319 2100 Perduelles
352 2033 499 2103 dicuntur
531 2037 656 2118 hostes3
693 2039 728 2099 ut
760 2035 897 2102 Perfecit
930 2035 977 2102 sic
1009 2035 1212 2102 Perduellum
1244 2040 1277 2100 ct

132 2137 302 2304 ggligff'
323 2136 359 2203 id
380 2144 493 2223 postca
515 2139 654 2222 Bellum;
689 2138 731 2203 ab
755 2135 868 2205 eadem
891 2157 989 2206 causa
1010 2138 1097 2205 facta
1118 2135 1277 2203 Duellona

218 2339 315 2426 Apud
335 2341 498 2409 Plautum:
814 2392 830 2428 ,

202 2596 217 2647 2
235 2594 290 2664 qui]
307 2596 408 2667 scripsi
423 2611 483 2650 cum
500 2595 533 2650 L.
551 2595 700 2651 Mullero
718 2596 778 2666 (qai
793 2594 878 2665 quei),
895 2593 1004 2664 quidem
1019 2591 1053 2662 F,
1071 2591 1145 2661 qnod
1161 2590 1188 2645 b.
1206 2584 1278 2644 ‘con-

133 2679 203 2734 icias
219 2681 291 2750 quod
309 2684 360 2748 est,
377 2682 433 2735 nisi
446 2682 523 2751 forte
535 2682 605 2749 Quid
626 2681 686 2736 est?
703 2678 819 2752 thynnc'
832 2681 903 2751 LSp.
922 2678 998 2748 conf.
1010 2677 1127 2733 Reiter
1142 2692 1170 2746 p.
1183 2679 1223 2730 13.
1244 2705 1277 2716 -

133 2765 229 2820 thinno
241 2764 274 2820 F.
291 2796 326 2806 -
344 2767 460 2832 coqum]
476 2767 612 2835 Muller,
630 2767 734 2823 corium
750 2765 844 2821 libri.
863 2797 895 2804 —
914 2764 1061 2819 excludant
1069 2762 1103 2817 V.
1120 2792 1153 2803 -
1173 2760 1278 2830 diupes

132 2865 200 2920 aper
223 2850 284 2906 dete
308 2856 336 2907 et
358 2851 392 2920 F,
416 2868 486 2907 corr.
512 2852 702 2908 Turnebus.
729 2883 763 2892 —
790 2856 806 2906 6
825 2867 931 2906 sumere
953 2854 982 2905 te
1005 2849 1038 2918 F,
1062 2864 1137 2903 sume
1158 2850 1234 2902 recte
1250 2846 1279 2916 b,

1301 2339 1383 2418 sco

133 2952 208 2991 sume
224 2941 284 2992 rete
300 2936 385 3007 vulg.
404 2953 442 2992 erc
457 2938 490 3006 B,
509 2939 615 2994 sumine
631 2942 659 2994 te
678 2937 870 3004 Turnebus,
897 2953 972 2992 sume
990 2939 1049 2991 cete
1066 2935 1206 3005 Popma,
1232 2949 1278 2988 su·
1334 3004 1336 3010 Ι

132 3025 219 3076 meret
235 3037 322 3091 aeque
339 3022 416 3076 Luc.
435 3022 571 3078 Muller.
598 3055 630 3062 -
658 3023 757 3078 amiam
775 3022 902 3092 GHap‚
931 3021 1018 3077 amiac
1037 3018 1226 3075 Turnebus.
1244 3047 1279 3057 —

134 3112 149 3160 '1
158 3106 291 3176 greciaF.
309 3138 342 3147 -
361 3108 670 3177 9cava1Turncbns,
689 3108 855 3178 Scaliger,
876 3122 960 3162 causa
976 3105 1156 3160 libri-10
1166 3104 1278 3159 curuleo

133 3192 172 3259 M,
191 3193 336 3261 Laetus,
355 3194 480 3250 coernlco
498 3195 533 3250 Η.
551 3225 585 3235 -
604 3194 672 3250 coeli
685 3193 880 3262 Turnebus,
898 3192 954 3262 felc
972 3192 1005 3260 F,
1022 3191 1077 3247 felc
1095 3189 1179 3257 Mab,
1197 3188 1278 3244 foedo

135 3277 203 3346 GH,
222 3279 280 3333 celo
298 3279 358 3348 Vp.
377 3279 448 3334 freto
466 3279 553 3334 Pius.
573 3312 606 3320 -
629 3280 735 3337 cortina
752 3282 877 3348 receptat
894 3276 1091 3344 Turnebus,
1110 3274 1278 3343 Scaliger,

135 3366 197 3417 orta
212 3379 281 3417 nare
298 3367 383 3426 (mare
400 3365 464 3432 Ha)
487 3369 579 3436 captet
602 3364 698 3419 libri.
726 3365 826 3420 desunt
848 3364 982 3433 quaedam
1005 3360 1084 3416 addit
1105 3359 1191 3427 vulg.
1211 3364 1280 3429 post

135 3445 222 3500 Ennii
245 3449 336 3502 verba.
381 3449 456 3518 Quae
482 3466 550 3505 cava
576 3466 690 3520 corpore
717 3450 842 3506 caeruleo
870 3449 977 3505 cortina
1002 3447 1127 3514 receptat
1151 3443 1279 3497 Muller

135 3531 350 3600 Scaligerum
371 3540 479 3590 secutas
502 3536 550 3606 qai
567 3535 696 3605 Quaeque
713 3533 785 3591 freto
803 3552 871 3590 cave
889 3533 1013 3589 caeruleo
1032 3530 1139 3586 cortina
1154 3531 1279 3597 receptat

134 3616 304 3682 coniecerat,
331 3633 399 3674 cara
424 3635 546 3689 quaeque
572 3621 601 3674 in
626 3621 747 3690 corpore
773 3619 899 3676 cacruleo
927 3617 997 3673 coeli
1023 3615 1130 3671 cortina
1155 3615 1279 3682 receptat

135 3703 322 3759 Turnebus.
349 3704 425 3774 conf.
442 3704 577 3759 Vahlen
601 3705 672 3760 Enn.
696 3721 760 3761 ann.
782 3723 807 3761 r.
828 3709 853 3759 9.
875 3701 913 3759 ‘in
938 3718 1022 3758 causa
1046 3700 1132 3754 latae
1156 3711 1226 3752 caua
1253 3703 1281 3751 et

132 3794 273 3860 postrema
290 3787 372 3842 verba
391 3787 544 3845 Taraciam
561 3805 675 3846 sanasse
692 3797 793 3845 certam
811 3787 863 3845 est’
883 3789 954 3859 LSp.
979 3801 1101 3856 quaeque
1118 3786 1147 3837 ln
1165 3799 1280 3853 corpore

136 3888 203 3929 cara
221 3872 346 3928 caerulco
361 3875 365 3937 Ι
382 3874 451 3928 caeli
469 3875 575 3929 cortina
590 3876 715 3945 receptet
725 3876 845 3929 numeris
856 3890 939 3946 anap.
952 3872 1066 3939 Bergk
1077 3868 1148 3923 Phil.
1160 3867 1280 3922 XXXIII

135 3976 162 4027 p.
174 3960 232 4011 275.
250 3957 322 4013 Mus.
341 3957 430 4014 Rhen.
451 3959 550 4026 XXIX,
568 3963 627 4015 243.
644 3960 734 4029 fabre
752 3960 866 4031 spicer:
885 3959 961 4026 Quae
980 3972 1047 4012 cava
1065 3952 1190 4009 caerulco
1209 3951 1279 4009 caeli

135 4043 242 4098 eortius
259 4046 383 4113 receptat
395 4044 524 4114 Corpore.
543 4074 576 4084 -
596 4049 627 4099 15
640 4044 713 4113 quin]
732 4044 830 4113 quoius
843 4044 876 4111 G,
895 4042 974 4111 quius
986 4040 1021 4108 Η,
1040 4039 1105 4108 quid
1121 4056 1149 4109 p,
1167 4038 1240 4108 quod
1251 4039 1278 4092 b.

135 4157 167 4166 —
181 4133 355 4197 sumpserunt
365 4129 405 4194 Μ,
424 4129 561 4183 Laetus.
580 4160 612 4169 -
633 4133 665 4184 16
677 4124 754 4199 ‘fort
774 4129 813 4184 sic
830 4126 990 4194 PerdueIIIs,
1008 4119 1138 4180 ducllum'
1153 4122 1224 4193 LSp.
1243 4139 1280 4177 an

133 4212 193 4281 fait
208 4215 249 4271 sic
266 4214 417 4270 Perduellis
434 4229 453 4270 a
469 4213 523 4270 Per
539 4217 569 4270 et
584 4214 719 4283 Duellum,
735 4213 784 4267 id?
801 4243 835 4253 -
855 4216 885 4266 1'1
903 4210 941 4275 id}
959 4209 1022 4265 ideo
1035 4209 1068 4265 G.
1087 4239 1121 4251 -
1139 4208 1277 4264 duellione

135 4297 261 4369 FMVap.
279 4329 313 4339 -
333 4304 364 4355 19
381 4300 517 4365 Plautum]
534 4299 670 4370 Amphitr.
687 4299 711 4369 I,
728 4303 753 4369 1,
773 4302 830 4354 119.
