3038 5048
453 331 567 390 LIBER
583 333 764 392 SEPTIMUS
798 337 815 402 ἐ
834 338 942 390 24-26.
1211 333 1269 394 127

128 503 215 587 quod
237 505 420 572 velamenta
441 505 492 572 his
521 527 540 573 e
569 507 644 572 lana
673 527 757 590 quae
786 505 960 589 adduntur,
994 506 1127 589 infulae;
1161 505 1272 591 itaque

128 615 194 673 turn
218 607 305 690 quod
326 607 369 672 ad
390 608 572 692 sepulcrum
593 609 698 674 lerunt
719 606 863 674 frondem
885 629 925 675 ac
945 607 1051 692 flores,
1072 607 1213 675 addidit:
1280 622 1424 676 transm)

280 710 364 776 Non
386 711 479 777 lana
501 710 570 777 sed
593 710 753 775 velatas
774 709 985 778 frondenti
1007 731 1128 779 coma.

520 913 724 980 Cornntac
745 914 918 982 membra
939 912 1119 981 minacis·
1293 916 1313 994 ὅ
1335 916 1375 977 25

90 1027 105 1075 5
127 1015 242 1081 Dicere
264 1022 399 1100 apparet
418 1016 589 1083 Cornutam
608 1017 807 1101 acornibus;
832 1015 956 1083 Cornua
977 1036 998 1081 a
1019 1036 1151 1083 curvore
1174 1015 1270 1100 dicta,

130 1116 215 1200 quod
237 1119 391 1201 pleraque
413 1137 518 1185 curva.

280 1220 415 1287 Musae
438 1240 536 1304 quas
559 1227 781 1288 memorant
805 1219 969 1285 Camenas·
992 1240 1091 1288 esse.
1296 1220 1316 1298 ξ
1337 1220 1378 1280 26

128 1320 356 1389 Casmenarum
379 1323 517 1408 priscum
539 1323 731 1390 vocabulum
753 1324 799 1390 ita
820 1330 930 1390 natum
955 1345 995 1390 ac
1024 1323 1175 1407 scriptum
1205 1298 1425 1405 est;‘¹'·³¹²³1’·¹'

128 1424 206 1489 alibi
229 1422 404 1494 Carmenae
426 1428 468 1492 ab
492 1425 605 1492 eadem
627 1425 749 1508 origine
772 1431 846 1492 sunt
868 1425 1057 1493 declinatae.
1101 1425 1134 1489 in
1163 1424 1272 1492 multis

78 1533 107 1584 1⁰
128 1526 237 1592 verbis
259 1527 292 1592 in
314 1549 377 1613 quo
400 1529 523 1611 antiqui
546 1528 696 1595 dicebaut
718 1527 751 1610 S,
773 1537 887 1615 postea
908 1529 1018 1596 dicunt
1032 1528 1070 1611 R,
1091 1535 1127 1593 ut
1147 1527 1181 1593 in
1204 1548 1269 1593 oar·

129 1629 214 1695 mine
236 1629 395 1696 SalIorum
417 1639 492 1697 sunt
512 1631 607 1696 haec:

213 1729 561 1801 Cozeulodorieso
583 1733 716 1800 omnia
736 1753 831 1801 vero
853 1731 1051 1818 adpatula
1072 1731 1425 1799 coemisseoonao

127 1919 154 1972 d.
173 1935 246 1988 app,
265 1922 334 1988 post
357 1934 422 1987 agro
447 1917 618 1989 interpuapit
640 1935 699 1972 cum
723 1919 819 1972 soteris
841 1919 913 1987 LSp.
943 1951 971 1957 --
1003 1917 1135 1975 insulatas
1158 1919 1273 1984 hostias]

128 2004 264 2072 Muller,
281 2001 382 2058 iuiulas
393 2003 492 2058 hostiis
504 2003 589 2058 libri
601 2004 706 2066 (hostiis
719 2019 771 2056 om.
784 2003 840 2057 GH
853 2003 997 2071 Laetus),
1014 2005 1117 2059 infulas
1134 2005 1164 2058 in
1176 2005 1273 2059 hostiis

127 2089 213 2159 vulg.
231 2105 269 2144 aa
286 2089 318 2143 B.
336 2088 412 2159 conf.
430 2089 542 2157 Bergk
559 2088 655 2143 Philol.
674 2087 802 2156 XXXIH,
820 2091 879 2156 310,
896 2089 1035 2158 Madvig
1052 2090 1159 2143 Adv.H
1176 2106 1203 2158 p.
1216 2093 1272 2143 173.

129 2205 161 2212 -
182 2181 193 2229 1
214 2176 337 2229 uelamen
354 2173 393 2228 M.
412 2204 444 2212 -
462 2173 514 2237 his]
534 2174 575 2228 bis
593 2190 618 2228 a.
642 2205 675 2212 —
703 2176 794 2228 2tum
811 2174 885 2241 quod
903 2190 954 2226 om.
972 2174 1011 2228 M.
1039 2205 1072 2212 —
1099 2174 1274 2243 sepulchrum

128 2259 161 2314 F.
180 2258 381 2328 corifiCharis.
399 2275 427 2328 p.
446 2263 488 2327 73,
509 2264 538 2314 17
551 2257 585 2312 Κ.
604 2289 636 2296 -
655 2258 733 2312 addit
749 2257 784 2325 H,
802 2259 908 2312 addunt
924 2257 1063 2312 Laetus.
1084 2288 1114 2296 -
1133 2262 1148 2311 3
1166 2259 1271 2313 lana..

129 2343 269 2398 frondenti
287 2349 372 2408 coma}
396 2345 467 2412 LSp,
485 2343 645 2400 Ribbeck
662 2359 729 2398 com.
748 2343 783 2396 t'r.
801 2343 927 2396 addend.
945 2360 972 2412 p.
993 2343 1114 2412 CXXXI,
1141 2344 1220 2399 lanas
1238 2383 1245 2397 .
1265 2385 1272 2398 .

128 2427 281 2484 frondentis
299 2445 390 2485 comas
407 2429 501 2483 libri.
520 2460 553 2467 —
571 2430 628 2494 sed]
646 2428 708 2482 idco
725 2427 827 2483 Navius
845 2428 886 2482 ait
903 2430 951 2483 sed
968 2428 1105 2484 Laetus.
1123 2459 1156 2468 -
1178 2433 1194 2482 4
1212 2444 1273 2483 cor·

128 2518 212 2569 nutas
237 2516 358 2569 membra
383 2515 506 2579 minacis]
534 2514 652 2578 contest,
679 2529 783 2568 cornua
809 2518 920 2569 taurum
945 2516 1068 2569 umbram
1093 2513 1189 2568 iacIF
1212 2529 1272 2567 cura

128 2603 227 2654 actoris
244 2600 297 2654 taisi
314 2599 388 2670 quod
406 2615 510 2654 cornua
526 2603 668 2655 taurorum
685 2615 717 2665 a,
744 2604 904 2653 cornuatam
926 2600 1013 2669 vulg.
1037 2616 1076 2656 ax
1096 2601 1130 2654 Β.
1158 2602 1274 2654 cornuat

129 2684 227 2740 aurum
253 2687 319 2755 (pro
348 2700 452 2740 cornua
477 2688 596 2750 taurum)
622 2684 795 2754 Scaliger,
824 2688 999 2740 cornutarum
1022 2683 1218 2752 Victorius,
1244 2684 1274 2737 iu
1383 2694 1385 2699 ⁴

130 2774 290 2825 cornuatam
307 2773 416 2825 tauram
433 2770 572 2836 Mulier,
594 2761 673 2836 ‘fort
693 2765 847 2840 cornutam}
864 2769 936 2838 LSp.
954 2769 1022 2824 iaeIt
1046 2785 1099 2840 pro
1117 2769 1172 2824 iaci
1190 2769 1273 2824 Sca-

128 2854 227 2923 liger.
255 2856 331 2922 coaf.
353 2853 513 2910 Ribbeck
536 2859 570 2910 tr.
593 2852 628 2907 fr.
650 2853 704 2909 inc.
728 2854 783 2909 Ino.
808 2857 866 2908 222.
893 2885 927 2894 -
953 2857 1137 2921 ocornutaml
1156 2855 1190 2922 F,
1213 2870 1273 2910 cor·

129 2944 242 2994 nuatam
259 2939 392 3008 CHaB,
418 2940 564 3007 Laetus,
591 2945 753 2996 cornuatum
770 2941 796 2994 b.
824 2971 848 2978 -
883 2944 1044 3008 domnam,
1062 2942 1104 2993 Aa
1122 2956 1190 3008 quas
1212 2938 1274 3001 (boo

129 3029 170 3078 cst
187 3030 345 3093 curuamus)
362 3025 385 3078 F
404 3043 464 3080 caro
482 3027 579 3080 calais
596 3026 651 3081 uisi
668 3025 742 3095 qaod
758 3030 789 3081 at
805 3025 874 3093 HM,
901 3025 1041 3093 Laetus,
1068 3026 1105 3078 ad
1123 3026 1148 3092 b,
1167 3029 1193 3078 et
1210 3039 1273 3080 cur·

130 3126 226 3164 uamus
245 3126 275 3177 a,
303 3127 374 3165 corr.
393 3111 550 3180 Scaliger
567 3110 615 3181 qai
632 3111 727 3166 Musas
749 3110 874 3182 strepat,
901 3111 999 3165 Musae
1023 3109 1213 3179 Scioppius.
1240 3140 1274 3148 —

131 3200 145 3248 7
165 3195 320 3259 Casmenas]
339 3196 445 3265 scripsi,
470 3213 553 3251 nosce
570 3212 621 3251 nos
638 3197 671 3264 F,
694 3212 776 3251 nosse
793 3211 843 3250 nos
862 3196 896 3262 G,
922 3213 1003 3251 nossa
1021 3199 1080 3262 (om.
1100 3201 1160 3254 nost
1178 3195 1212 3248 H.
1240 3226 1274 3234 -

129 3284 280 3335 memorant
304 3279 369 3335 Osci
389 3281 530 3350 nostrique
554 3281 684 3337 Camenas
709 3282 819 3349 Bergk
841 3282 940 3336 Annal.
958 3281 1026 3351 phil.
1044 3281 1196 3348 LXXXIII,
1214 3285 1273 3349 334,

130 3365 218 3419 nostri
240 3365 385 3420 Casmenas
411 3382 472 3422 asse
489 3367 628 3435 Madvig
644 3368 714 3422 Adv.
732 3367 769 3435 H,
790 3370 846 3420 173.
872 3362 1037 3421 ‘baxornetrr'
1057 3367 1162 3421 exitam
1184 3366 1275 3434 fuisse

131 3465 191 3503 osse
209 3448 341 3503 Camenas
358 3462 484 3504 cosulere
501 3450 620 3504 videtur’
644 3451 715 3522 LSp.
743 3483 776 3491 -
804 3455 819 3506 8
839 3452 1040 3514 Casmenaruml
1059 3451 1200 3518 Laetus,
1227 3467 1273 3506 ca·

131 3550 270 3589 meuamm
295 3533 329 3598 F,
355 3551 523 3589 camerarum
549 3535 607 3601 Ca,
635 3553 686 3589 om.
709 3537 744 3590 H.
771 3567 805 3574 —
831 3539 874 3604 acl
903 3543 984 3606 atqua
1009 3537 1049 3603 Μ,
1075 3536 1212 3591 Laetus.
1240 3565 1274 3574 -

132 3624 147 3674 9
165 3618 233 3672 alibi
251 3622 402 3683 ammonae]
425 3613 506 3689 ‘fort
525 3619 591 3675 alibi
613 3637 770 3689 casmenas,
797 3637 939 3676 casmenas
959 3662 964 3673 .
986 3617 1116 3676 .dictae'
1141 3621 1212 3689 LSp.
1240 3650 1274 3658 -

131 3705 227 3758 eadem
243 3720 315 3758 corr.
333 3719 371 3758 erc
387 3705 481 3758 eodem
498 3703 532 3759 F.
560 3736 591 3744 —
620 3710 651 3760 10
669 3706 699 3760 iu
716 3712 780 3775 quo]
797 3707 826 3760 in
844 3707 918 3776 quod
934 3707 967 3774 F,
993 3708 1090 3774 quob,
1116 3707 1146 3759 in
1163 3721 1216 3774 quo
1234 3705 1274 3774 M,

130 3787 273 3856 Laetus,
290 3784 381 3858 ‘idque
393 3790 488 3843 malias
505 3806 587 3859 quam
604 3792 678 3858 quod
694 3808 752 3844 asse
765 3789 880 3846 uidetur'
894 3792 966 3862 LSp.
985 3791 1062 3858 cous.
1072 3791 1186 3845 Emend.
1200 3807 1273 3858 spec.

130 3878 207 3955 Passz
230 3903 269 3953 Γ,
290 3873 395 3938 dicunt]
413 3873 514 3928 dieitur
530 3874 564 3929 H.
600 3870 676 3946 ‘fort
695 3872 809 3930 dictum'
829 3877 899 3946 LSp.
927 3907 960 3915 -
989 3879 1020 3929 12
1039 3875 1273 3931 Cozeulodorieso.

132 3953 211 4014 Ornia
232 3975 268 4014 uo
286 3959 419 4028 adpatula
435 3959 566 4014 coemisse
578 4000 585 4013 .
597 3961 645 4014 iau
662 3959 789 4015 cusianes
806 3962 913 4016 duonus
931 3977 1038 4016 ceruses
1052 4000 1059 4012 .
1071 3961 1141 4027 dun3
1158 3961 1275 4016 iannsuc

132 4048 180 4100 uet
202 4043 360 4115 pommelios
381 4060 444 4098 eum
465 4059 558 4099 recum
581 4045 604 4098 F
628 4046 683 4099 nasi
704 4045 779 4115 quod
796 4045 1021 4101 Cozeulodorieso
1039 4045 1062 4099 F
1081 4045 1167 4114 (Keil,
1192 4047 1275 4117 ASp),

134 4128 311 4185 Cozeulodori
335 4145 380 4185 esc
403 4136 433 4183 at
455 4129 507 4184 vid.
526 4129 550 4182 p
568 4130 683 4196 (Croth).
711 4130 745 4184 ab
769 4129 822 4185 boo
844 4130 970 4200 exemplo
993 4130 1076 4185 cetat
1098 4132 1138 4183 sic
1160 4130 1274 4185 almior:

134 4212 369 4282 Coaeulodoricso]
387 4216 469 4269 ctiam
487 4230 513 4282 a,
532 4215 648 4271 Cozeulo
666 4216 773 4271 doricae
792 4216 830 4284 M,
849 4215 1068 4271 corculodorieso
1088 4216 1151 4284 CH,
1170 4217 1274 4286 Cogeu-

132 4296 220 4352 lodori
238 4315 284 4354 eso
301 4298 335 4368 V,
353 4301 465 4354 coceulo
483 4300 544 4355 dori
561 4316 608 4355 eso
625 4316 653 4369 p,
671 4299 842 4355 corculodori
860 4307 876 4354 c
893 4300 924 4369 b,
942 4301 1036 4356 orculo
1054 4301 1142 4357 dolosi
1158 4318 1205 4357 eso
1223 4318 1274 4371 pro
