3038 5048
610 304 702 358 Satura
720 306 816 359 critica.
1228 328 1284 367 axv

131 493 162 534 ac
189 478 304 551 proinde
332 495 364 536 ac
393 477 490 535 debeat
516 478 601 535 soleat
622 479 715 552 quaeri
737 518 792 534 ...
815 479 879 536 item
906 479 933 536 in
955 480 1054 554 quibus
1076 482 1170 540 debeat
1192 488 1283 558 quaeri

131 561 260 636 analogia,
285 580 401 637 quorum
424 571 552 638 quattuor
573 571 637 619 sunt
659 564 767 636 gradus,
789 572 821 620 ut
842 565 896 620 siut
917 581 970 631 res,
993 574 1024 622 ut
1039 582 1129 626 aarum
1151 569 1186 625 sit
1206 587 1281 636 usus,

130 656 163 705 ut
183 647 233 704 bae
254 664 299 705 res
320 647 448 705 rambula
470 646 601 720 babeant,
622 657 654 704 ut
675 647 791 705 babeant
813 649 960 706 declinatus
983 651 1109 707 naturalis
1131 651 1149 724 ξ
1173 649 1261 727 83.*)

683 900 725 957 lll.

217 1066 305 1123 Codex
319 1066 339 1123 p
355 1069 426 1123 vario
442 1085 565 1125 errorum
588 1085 686 1140 genere
708 1069 835 1134 abundat,
858 1069 924 1135 aliis,
947 1077 978 1126 ut
999 1069 1039 1143 fit,
1061 1081 1175 1146 propter
1195 1074 1279 1130 simile

128 1151 255 1208 desinens
277 1145 455 1226 omissis,**)
484 1153 540 1209 aliis
561 1153 630 1208 male
650 1155 786 1227 repetitis,
821 1170 889 1227 quae
911 1155 986 1229 quod
1007 1156 1084 1229 plura
1106 1156 1184 1214 etiam
1206 1174 1280 1216 nunc

129 1236 249 1293 nondum
270 1237 451 1294 animadversa
472 1239 561 1294 inesse
582 1237 721 1303 videntur,
746 1247 776 1295 ut
796 1238 857 1294 libri
877 1239 945 1295 ratio
967 1241 1180 1313 perspiceretur,
1205 1245 1279 1300 uncis

127 1319 229 1378 inclusa
244 1322 491 1394 servavaus.***)
521 1321 678 1379 conferendi
692 1331 757 1380 suut
778 1323 847 1380 loci
871 1341 886 1380 a
907 1326 1145 1397 grammaticis
1168 1344 1205 1383 en
1227 1328 1278 1384 bis

61 1433 68 1443 ·
128 1404 234 1462 libris
263 1408 380 1471 citati,
415 1424 532 1481 quorum
554 1424 625 1463 unus
647 1408 719 1481 apud
742 1407 855 1464 Gellium
876 1408 907 1473 X,
932 1409 969 1468 21
996 1426 1028 1465 ex
1052 1410 1092 1474 Vl,
1117 1409 1157 1470 59
1184 1429 1278 1486 parum

129 1507 179 1546 nos
200 1491 282 1557 iuvat,
305 1492 379 1567 quod
401 1501 429 1548 et
449 1509 533 1566 pauca
554 1504 633 1557 sunt,
666 1503 693 1549 ot
715 1493 833 1566 quamvis
856 1493 913 1566 Ipsa
934 1493 1060 1550 Varronis
1082 1494 1163 1551 verba
1184 1495 1279 1554 afferre

127 1591 157 1631 se
177 1576 352 1648 profiteatur,
382 1578 467 1650 prIma
490 1595 509 1632 a
531 1593 585 1650 qno
609 1579 694 1633 etiarn
716 1585 868 1634 entrcmnrn
889 1579 1070 1634 nouissimam
1092 1594 1199 1651 quoqne
1222 1583 1278 1637 diei

127 1667 254 1732 coeptam
275 1663 357 1733 calpa
378 1661 437 1717 iure
460 1678 510 1718 suo
533 1663 572 1718 sic
595 1664 760 1735 transposuit
782 1664 856 1735 qnod
878 1671 1044 1729 extrenum,
1070 1664 1176 1736 lnquit,
1201 1666 1277 1720 diae-

128 1744 225 1811 batnr,
260 1747 317 1802 dici
343 1747 525 1802 novissimam
552 1755 678 1819 coeptam
699 1749 797 1818 onlpo;
829 1756 914 1804 restat
933 1749 1045 1805 varietas
1067 1755 1097 1803 nt
1120 1748 1214 1806 Aeliae
1236 1752 1277 1807 sic

126 1844 206 1884 aenea
229 1831 350 1903 aliquot,
373 1832 489 1887 nimiam
510 1848 613 1888 naonrn
634 1834 749 1888 verbnm
771 1833 845 1904 qnod
867 1840 953 1903 esset,
975 1835 1121 1904 vitabant,
1143 1833 1190 1890 ubi
1212 1833 1277 1892 Gel-

125 1912 177 1969 lius
200 1955 208 1970 .
232 1956 240 1970 .
261 1932 341 1972 senes
364 1916 431 1981 aiii,
466 1918 539 1988 qaod
562 1956 569 1971 .
594 1958 601 1972 .
623 1918 738 1972 verbnm
761 1925 832 1972 essct
854 1958 861 1972 .
886 1958 892 1972 .
917 1918 942 1972 in
973 1917 1071 1991 quibus
1100 1919 1203 1975 etiarnsi
1225 1920 1278 1977 alii

125 1996 274 2070 praeferas,
304 1999 442 2056 relatiuam
465 2018 497 2057 en
518 2018 595 2057 more
617 2000 742 2057 Varronis
763 2001 945 2074 postpositum
968 2010 1094 2076 praestat.
1125 2002 1192 2060 alter
1213 2020 1276 2060 vero

125 2082 202 2139 locus
225 2083 254 2149 V,
281 2083 463 2150 tae-174,
498 2102 578 2158 quern
602 2085 754 2141 Priscianus
775 2085 911 2158 integrum
933 2087 966 2142 de
988 2086 1080 2159 figuris
1102 2103 1276 2146 numerorum

127 2185 154 2241 p.
177 2167 238 2226 410
262 2169 293 2225 ll.
316 2169 434 2236 rettulit,
469 2170 580 2227 maxime
603 2168 781 2227 memorabilis
804 2178 845 2225 est
866 2187 981 2243 eumque
1004 2169 1064 2226 alibi
1086 2171 1137 2227 iam
1159 2188 1174 2227 a
1196 2171 1275 2229 nobis

125 2260 269 2310 nasutum
290 2255 411 2328 repetitis
433 2255 505 2311 curis
527 2255 571 2310 hie
586 2272 695 2329 quoque
710 2254 918 2310 consideramus.
949 2255 1041 2328 incipit
1055 2271 1069 2309 a
1084 2255 1170 2311 verbis
1184 2258 1275 2318 molta

122 2338 263 2410 pecuniae
290 2339 421 2410 ripnatae
450 2339 496 2412 (de
526 2355 580 2413 quo
612 2356 693 2413 supra
722 2339 912 2404 dubitavimus;
949 2337 1059 2395 offendit
1087 2340 1157 2394 enirn
1186 2341 1275 2396 molta

125 2439 265 2496 nunquam
291 2424 331 2481 sic
358 2439 374 2479 a
397 2423 516 2480 Varrone
543 2423 712 2498 adhibitum),
744 2423 842 2479 omittit
869 2439 933 2478 vero
961 2422 1068 2479 ultimos
1099 2431 1152 2479 tres
1180 2440 1273 2480 versus

125 2504 145 2581 ξ
170 2508 229 2567 174
252 2509 327 2581 qnod
347 2508 451 2565 libram
474 2549 481 2564 .
506 2550 513 2565 .
539 2550 545 2565 .
569 2511 715 2581 quadrans
739 2509 812 2564 assis
834 2508 938 2581 inepte,
962 2508 985 2563 si
1005 2508 1064 2580 ipse
1086 2506 1202 2580 neglexit
1223 2524 1275 2565 nec

124 2590 296 2649 librariorum
319 2593 416 2650 desunt
438 2593 525 2667 culpa.
569 2595 595 2649 iu
617 2593 657 2649 bis
680 2611 747 2668 quae
768 2601 898 2649 notentur
918 2592 984 2648 haec
1006 2601 1082 2648 sont:
1115 2593 1214 2648 deinde
1236 2594 1272 2649 ab

124 2693 240 2733 amnena
261 2677 410 2751 [reliquam
424 2676 537 2751 dictura]
558 2693 645 2751 nsque
661 2681 699 2735 ad
713 2679 848 2733 centussis
870 2677 910 2750 [nt
932 2693 965 2732 as
986 2677 1128 2748 sinpnlari
1149 2676 1273 2752 nonina]

125 2763 162 2818 ab
185 2763 274 2819 tribua
296 2764 409 2820 arcibus
435 2765 532 2819 tressis
554 2772 580 2819 et
601 2765 642 2819 eie
666 2763 852 2836 proportione
879 2776 964 2833 napae
993 2763 1032 2817 ad
1057 2763 1199 2819 nannetis.
1241 2764 1273 2819 in

127 2847 245 2902 imario
266 2865 381 2904 numero
402 2847 455 2903 boo
476 2855 579 2912 motat,
613 2850 686 2921 qnod
711 2848 833 2920 primurn
855 2853 896 2902 eat
918 2848 953 2903 ab
976 2847 1069 2902 decern
1091 2849 1203 2904 assibus
1225 2848 1271 2903 de·

125 2933 228 2997 enam,
261 2933 413 2988 secundnm
441 2934 476 2989 ab
506 2934 613 2988 duobos
638 2934 800 2988 decuesibus
823 2933 936 2989 bioeasie
959 2931 1043 3005 [qnod
1064 2932 1120 2987 dici
1141 2933 1231 2989 solnm
1253 2949 1272 2988 a

124 3017 232 3073 dnobus
248 3016 384 3090 biantis}
412 3018 524 3089 reliqna
539 3020 707 3073 conueniunt
729 3017 814 3091 [qnod
829 3014 879 3090 eat]
901 3023 932 3073 nt
947 3018 1070 3072 tricornis
1087 3019 1272 3090 proportione

123 3116 212 3173 usqne
234 3103 272 3157 ad
294 3103 448 3169 aentnasia,
484 3103 750 3174 permadescitis
774 3103 924 3173 proprium
951 3102 1118 3157 vocabalum
1141 3119 1198 3157 non
1221 3109 1270 3156 est.

123 3184 227 3241 inclusa
249 3186 347 3243 desunt
368 3187 439 3260 apud
460 3186 633 3249 Prisciauum,
656 3196 736 3260 atque
758 3185 790 3240 ab
812 3186 887 3242 initio
909 3202 964 3241 non
986 3187 1066 3242 modo
1089 3202 1158 3259 quae
1179 3201 1271 3258 gram-

209 3433 234 3500 *l
252 3433 410 3486 desideratur
421 3434 556 3485 verborum
570 3435 697 3499 expositio
716 3436 826 3484 tertiam
842 3436 875 3482 att
890 3434 940 3483 bae
952 3449 995 3482 res
1005 3433 1134 3484 uocabula
1147 3433 1270 3495 babeant,

142 3507 253 3554 uariam
264 3506 297 3552 att
308 3504 425 3553 babeant
435 3501 584 3552 declinatus
594 3501 738 3566 naturalia,
751 3516 803 3568 quo
816 3500 937 3552 articulus
950 3501 1016 3565 qaid
1026 3497 1270 3551 PliOPOIiTIOIVId

123 3518 213 3622 bailus
235 3584 293 3621 esse
315 3569 429 3631 videtum
456 3570 524 3620 bunc
546 3568 638 3620 deinde
661 3573 764 3620 secutus
786 3573 826 3619 est
850 3573 956 3635 quartus
980 3572 1006 3618 et
1028 3571 1172 3634 postremus
1195 3565 1268 3618 lacus

122 3651 200 3704 supra
218 3637 346 3689 iudinatus
364 3638 380 3702 ξ
400 3639 416 3689 2
439 3637 505 3702 qaid
523 3636 771 3699 consuerant),
797 3650 880 3702 eoque
902 3635 1016 3686 decimus
1038 3635 1103 3685 liber
1124 3633 1269 3686 conclusus.

123 3705 242 3757 Getarum
264 3705 290 3756 bi
312 3705 371 3756 libri
393 3704 426 3756 ad
443 3705 633 3770 grammaticam
651 3703 830 3755 illustrandam
853 3718 904 3754 non
926 3702 1034 3754 multum
1057 3701 1202 3764 conserunt,
1228 3715 1268 3752 ra·

122 3773 220 3825 donem
238 3787 300 3824 vero
319 3787 369 3839 qua
387 3773 427 3824 nsi
444 3778 547 3824 veteres
564 3773 629 3824 hanc
648 3776 726 3823 artem
747 3771 889 3822 tractabant
907 3769 1017 3821 dilucide
1035 3769 1217 3821 demonstrant.

192 3839 233 3904 **)
251 3839 303 3890 vid.
321 3839 413 3891 Illirller
430 3839 510 3906 praei.
528 3854 553 3905 p.
571 3839 628 3891 xlx
646 3854 700 3906 seq.
719 3839 786 3890 conl.
805 3837 835 3888 ad
853 3836 905 3899 Vll,
923 3839 965 3890 at.

174 3907 233 3973 ***)
249 3907 357 3975 repetita
375 3914 436 3959 sunt
453 3907 484 3971 V,
503 3909 552 3959 173
570 3908 676 3958 denaria·
693 3907 776 3972 quad,
794 3904 856 3967 VIII,
875 3907 890 3956 9
908 3904 1080 3964 declinarint,
1104 3899 1166 3963 VIII,
1184 3904 1216 3954 35
1234 3904 1268 3952 ab

120 3975 206 4026 isdem
218 3975 354 4026 ooaatnta
366 3976 516 4039 dissimilia,
534 3977 567 4028 38
586 3992 640 4025 eree
654 3990 753 4040 param
771 3989 803 4024 ex
820 3971 992 4033 inferioribus,
1009 3968 1036 4020 id
1053 3967 1122 4034 quod
1139 3969 1268 4020 rarissime

121 4041 165 4107 nt,
192 4044 217 4094 iu
237 4044 367 4108 superiora
386 4043 507 4094 translata
527 4050 584 4095 eta
604 4041 624 4093 B
642 4041 741 4105 deleta,
764 4041 809 4106 Ill,
827 4042 843 4092 3
868 4041 946 4089 bomo
968 4053 1003 4087 aa
1025 4038 1116 4087 anima
1134 4037 1206 4102 qood
1223 4042 1269 4102 ast,

115 4111 167 4165 ,uti
184 4110 254 4176 vulg.
273 4126 304 4163 ex
322 4109 342 4160 B
361 4110 445 4162 minus
461 4113 531 4160 recle
548 4111 656 4177 primum
675 4108 829 4160 vocabulum
846 4105 960 4168 retinuit,
976 4103 1007 4166 x,
1025 4105 1040 4156 8
1058 4106 1196 4156 nominum
1213 4107 1270 4156 rint

120 4180 222 4244 andern,
239 4180 274 4231 44
290 4181 362 4230 atria
381 4193 450 4243 quae
465 4177 577 4241 scilieet,
593 4178 637 4229 ubi
655 4176 735 4243 vulgo
754 4179 809 4227 tria
827 4190 896 4241 quaa
912 4172 1016 4222 scilicet
1033 4171 1171 4238 corrigunt,
1190 4175 1222 4227 to
1235 4173 1268 4224 da

119 4246 220 4297 biteris
237 4245 387 4311 ostendant,
405 4245 449 4296 ubi
466 4243 518 4296 rid.
536 4243 594 4296 adn.

173 4329 311 4381 Spengel,
331 4329 397 4371 Varro
410 4328 438 4370 da
451 4328 528 4379 lingue
540 4327 618 4368 latina.
1048 4335 1064 4376 ο
