3038 5048
433 309 730 381 marcomirus.
766 312 910 379 rra-so.
1200 311 1241 371 aa

184 486 232 550 13.
264 483 347 550 Sunt
368 482 466 548 etiam
487 483 639 549 animalia
665 483 698 548 in
720 502 805 566 aqua
834 501 917 563 quae
945 481 1118 548 interram
1145 483 1238 550 inter·
1262 484 1283 563 §
1307 487 1346 552 78

97 585 172 652 dum
188 590 313 666 exeant,
334 583 400 648 alia
421 585 545 666 graecis
559 585 724 651 vocabulis
746 589 779 649 ut
793 585 944 668 Polypus,
966 583 1240 669 Hippopotamios,
1319 626 1321 631 >

98 686 293 770 crocodilos,
316 687 381 752 alia
403 686 510 753 latinis
529 691 564 751 ut
580 688 679 770 Rana,
701 681 820 771 [Anasq
842 685 983 769 Mergus3
1005 705 1027 750 a
1047 703 1110 766 quo
1126 684 1241 752 Graeci

97 808 138 856 ca
165 806 248 869 quae
274 788 307 853 in
338 807 423 870 aqua
454 793 486 854 et
517 794 602 854 terra
630 792 762 871 possunt
793 786 903 853 vivere
936 791 1054 853 vocant
1082 779 1239 874 ἀμφίβια.

59 905 74 953 a
97 910 115 957 e
137 890 208 972 quis
231 890 322 954 Rana
343 888 385 955 ab
407 909 466 956 sua
488 887 574 954 dicta
595 908 684 972 voce,
714 889 802 954 Anas
823 907 844 952 a
865 886 982 971 nando,
1004 888 1130 973 Mergus
1152 887 1380 972 quotiaco-c

96 990 267 1072 mergendo
289 991 322 1055 in
344 1009 460 1071 aquam
483 995 590 1074 captat
612 1009 727 1056 escam.
797 990 878 1056 Item
899 988 965 1054 alia
986 988 1019 1053 in
1040 989 1102 1055 hoc
1123 1009 1240 1073 genere
1261 993 1282 1072 ὅ
1305 995 1345 1056 79

96 1114 117 1160 a
140 1092 270 1158 Graecis
291 1097 327 1157 ut
347 1091 582 1176 Querquedula,
606 1091 758 1177 Carceris,
779 1091 900 1158 Aloedo
923 1090 1010 1173 quod
1032 1111 1072 1157 ca
1095 1086 1241 1176 diabolo,-

96 1193 198 1260 latina
219 1199 254 1259 ut
268 1194 411 1260 Testudo
434 1193 519 1277 quod
542 1199 625 1259 testa
646 1199 763 1260 tectum
785 1191 847 1259 hoc
862 1192 991 1277 animal,
1014 1193 1138 1278 Lolligo
1154 1195 1240 1275 quod

97 1295 260 1377 subvolat,
289 1295 399 1362 littera
427 1301 638 1380 commutata,
665 1296 766 1380 primo
789 1295 925 1378 Volligo.
968 1294 1013 1360 Ut
1039 1295 1179 1380 Aegypti
1207 1296 1241 1362 in

46 1412 76 1463 ιο
97 1396 227 1465 flumine
241 1397 422 1482 quadrupes
437 1397 530 1464 sicin
546 1397 648 1480 Latio,
671 1396 825 1463 nominati
840 1397 939 1482 Lytra
953 1401 986 1464 et
999 1396 1106 1464 Fiber.
1141 1399 1240 1482 Lytra

96 1497 183 1581 quod
204 1497 367 1566 succidere
388 1498 503 1565 dicitur
525 1499 673 1565 arborum
695 1499 819 1565 radices
841 1499 874 1564 in
893 1499 965 1584 ripa
986 1505 1083 1581 atque
1105 1519 1160 1566 eas
1175 1498 1239 1565 dis

95 1603 220 1669 solvere
247 1601 288 1667 ab
310 1600 425 1685 lytura.
469 1600 567 1667 Fiber
588 1602 630 1667 ab
653 1606 797 1668 extrema
825 1620 882 1667 cra
908 1598 1047 1668 fluminis
1069 1600 1184 1667 dextra
1205 1606 1373 1669 atroam-¹>

95 1703 225 1769 sinistra
246 1703 385 1768 maxime
408 1700 493 1782 quod
515 1704 599 1769 solet
613 1702 716 1770 videri
737 1709 769 1770 ct
790 1702 913 1785 antiqui
928 1703 1067 1769 Februm
1089 1700 1239 1770 dicebant

96 1812 287 1886 extremum,
319 1824 339 1869 a
361 1823 423 1886 quc
451 1804 484 1869 in
514 1805 601 1888 sagis
622 1805 785 1872 Fimbriae
814 1811 847 1870 et
874 1796 1035 1871 iniecere
1063 1810 1240 1871 extremum

45 1921 73 1970 rs
94 1905 203 1989 Fibra,
225 1906 323 1971 Fiber
344 1905 457 1972 dictus.

182 2013 230 2074 14.
265 2008 355 2088 Quae
377 2011 450 2073 sunt
470 2007 632 2075 hominum
654 2007 783 2092 propria
804 2006 950 2092 primum,
977 2005 1094 2074 deinde
1116 2006 1158 2074 de
1179 2027 1233 2091 pc
1256 2010 1277 2088 ξ
1299 2008 1339 2073 80

94 2128 182 2193 core,
212 2110 305 2177 tertio
333 2108 374 2174 de
401 2108 477 2175 feris
503 2108 649 2175 scribam.
697 2109 850 2193 Incipiam
878 2109 920 2174 ab
949 2108 1069 2177 honore
1098 2109 1237 2192 publico.

94 2211 214 2278 Oonsul
241 2210 422 2278 nominatus
450 2210 505 2293 qui
534 2211 712 2277 consuleret
740 2212 894 2295 populum
922 2214 955 2276 et
982 2216 1143 2292 senatum,
1176 2210 1238 2276 nisi

93 2311 184 2378 illinc
205 2311 310 2396 potius
333 2311 418 2379 unde
432 2294 545 2398 phitius
567 2312 613 2378 ait
634 2313 666 2378 in
687 2312 802 2380 Bruto:

220 2415 287 2498 qui
309 2421 418 2503 septe
440 2414 642 2499 consulat,
664 2414 806 2480 consul
829 2414 948 2480 cluat.

94 2564 201 2620 Groth
211 2563 272 2619 coll.
282 2563 520 2634 Pliaxxxmsc,
529 2567 586 2618 154.
596 2594 629 2603 -
637 2557 715 2633 ‘fort
726 2580 834 2632 surena,
843 2564 1034 2634 pectunculus,
1043 2557 1153 2630 unguis’
1165 2561 1236 2629 LSp.
1274 2526 1277 2535 Ι

93 2680 127 2688 -
145 2653 161 2703 2
178 2653 279 2705 exeunt
294 2649 381 2745 vulg.
400 2665 437 2704 ea
454 2650 486 2703 B.
513 2678 548 2687 -
572 2649 661 2717 grecis
677 2647 711 2702 F.
732 2679 765 2688 —
783 2649 892 2719 polipus
909 2650 941 2704 F.
962 2680 993 2689 -
1019 2647 1238 2720 yppopotamios

93 2734 116 2787 F
135 2749 195 2788 rum
212 2734 313 2798 moltis,
336 2733 557 2803 hippopotamius
576 2733 648 2803 GH,
671 2733 881 2804 hippopotamus
899 2734 1037 2790 Laetus.
1056 2764 1090 2772 —
1108 2738 1124 2787 3
1142 2747 1238 2788 croco-

93 2818 174 2873 dillos
191 2818 223 2872 F.
242 2848 276 2859 -
295 2814 377 2916 w]
403 2817 466 2872 add.
485 2819 571 2887 vulg.
595 2848 628 2857 -
654 2819 729 2886 greci
746 2819 778 2873 F.
797 2847 831 2858 -
848 2822 865 2871 4
882 2823 960 2888 quae]
979 2814 1238 2888 ί11111111111101,

93 2904 220 2959 etverba
240 2919 329 2972 aquo
349 2945 355 2956 .
376 2946 381 2957 .
403 2946 409 2957 .
428 2896 551 2976 ἆμφίβια
574 2919 661 2974 supro
679 2902 811 2973 ponenda
829 2909 898 2975 post
920 2901 1034 2959 excant'
1053 2904 1125 2973 LSp.
1160 2902 1238 2972 conf.

93 2987 157 3059 LSp
174 2977 249 3043 Uber
266 2978 421 3042 die'liritilr
437 3005 464 3058 p.
485 2992 525 3043 19.
543 3019 577 3026 -
594 2987 733 3057 amphibia
750 2988 783 3042 F.
803 3020 834 3028 -
856 2992 872 3043 6
890 2988 955 3052 alia]
973 2988 1005 3057 B,
1028 2989 1099 3044 aliae
1117 2987 1236 3043 ceteri.

94 3103 128 3112 -
146 3079 160 3127 1
179 3073 267 3142 grecis
284 3073 318 3126 F.
336 3103 368 3112 -
386 3073 513 3139 carceris]
532 3073 652 3129 ceronsis
669 3074 792 3142 Aldus,
809 3076 959 3147 κερκουρὶς
975 3074 1115 3142 Miller,
1137 3091 1155 3129 a
1171 3093 1237 3146 aep-

92 3159 224 3224 κιθαλλίς
246 3157 436 3212 Turnebus.
463 3189 496 3198 —
522 3157 628 3226 alcedo]
654 3159 694 3212 sic
714 3158 796 3214 scrib.
818 3175 876 3214 esse
901 3163 973 3214 recte
999 3165 1090 3214 monet
1113 3159 1238 3226 (iroth,

93 3241 233 3312 coaf.VII
245 3245 313 3318 9118,
330 3242 425 3310 algedo
442 3242 543 3311 libri,
560 3243 675 3299 halccdc
693 3243 830 3298 Laetus.
842 3273 875 3283 -
892 3237 1014 3311 oilardo]
1032 3245 1130 3312 alcyon
1146 3240 1236 3296 libri.

94 3357 128 3367 -
146 3329 163 3380 9
179 3326 267 3397 prima
284 3327 420 3383 Veneta.
440 3358 473 3367 -
491 3327 575 3398 egipti
593 3328 624 3383 F.
643 3357 677 3368 —
696 3333 728 3382 10
746 3328 936 3397 quadrupedes
955 3328 988 3383 G.
1000 3358 1034 3368 —
1052 3329 1132 3398 lytra]
1152 3326 1237 3381 Tur·

93 3410 215 3480 nebus,
237 3405 290 3466 lir‘a
306 3412 406 3480 libri,
430 3412 665 3484 1111110111.-
691 3418 721 3467 11
741 3413 864 3467 dissuere
882 3413 916 3467 H.
943 3407 989 3467 ‘aa
1007 3408 1143 3467 diluerci’
1163 3410 1235 3481 Lsp.

94 3525 128 3536 —
148 3499 179 3550 12
197 3497 241 3560 ab]
265 3497 337 3550 unde
354 3496 442 3564 vulg.
461 3513 499 3552 ex
515 3498 547 3551 Β.
574 3528 607 3537 -
632 3497 732 3567 lytura]
749 3498 862 3568 scripsi,
888 3498 954 3553 litra
970 3498 994 3551 F
1012 3514 1073 3552 cum
1087 3497 1236 3567 pleraque,

92 3581 172 3651 lyara
189 3580 261 3648 GM,
287 3581 340 3634 lira
355 3597 384 3650 p,
409 3581 485 3636 luere
504 3580 673 3649 Scaliger,
699 3579 757 3639 λύω
774 3583 913 3637 Miller.
939 3578 1154 3654 ‘exspectamus
1179 3581 1237 3636 dis-

94 3665 206 3732 solvere,
233 3665 306 3734 quod
329 3665 428 3720 Graeci
451 3665 546 3721 dicunt
569 3661 660 3722 idaco?
686 3666 757 3736 LSp.
785 3698 819 3708 -
845 3669 890 3733 ab]
914 3684 965 3722 om.
984 3665 1175 3735 Scioppius.
1204 3695 1237 3705 -

95 3753 129 3803 14
145 3765 163 3804 a
179 3754 241 3818 quo]
259 3751 332 3804 unde
349 3749 486 3804 Laetus.
505 3780 538 3789 —
555 3750 668 3805 fimbrae
685 3750 718 3803 F.
730 3782 764 3790 -
783 3755 815 3806 16
830 3750 899 3807 Post
911 3753 1000 3807 dictus
1018 3752 1055 3805 F¹
1069 3752 1099 3804 ia
1110 3767 1198 3821 morq.
1210 3756 1238 3805 et

92 3849 112 3889 a
124 3850 139 3889 c
151 3833 257 3888 adduct
267 3834 349 3889 daec.-
366 3834 417 3889 DE
433 3834 661 3890 ANIMALIBVS
677 3835 718 3890 IN
735 3835 838 3892 Locis
856 3834 1144 3903 TERRESTRIBVS,
1161 3831 1238 3905 ‘quo-

93 3935 155 3972 ram
172 3919 320 3974 mesticia
343 3918 478 3973 Varronis
493 3920 582 3974 cabaa
598 3918 771 3976 desideratur
788 3921 874 3976 velut:
901 3921 980 3990 Quod
1001 3922 1037 3976 ad
1060 3937 1094 3975 ea
1116 3936 1185 3989 quae
1207 3920 1238 3974 in

93 4007 169 4059 terra
185 4004 285 4059 attinet
301 4004 344 4059 cel
361 4003 436 4073 Quae
454 4003 562 4059 suntin
579 4008 662 4072 terra,
680 4002 830 4060 hominum’
850 4006 923 4075 LSp.
957 4005 1078 4060 Varroni
1088 4006 1143 4060 ista
1154 4004 1238 4060 verba

92 4089 233 4144 reddendo
249 4104 308 4143 esse
324 4095 415 4143 censet
432 4089 547 4144 Groth.
567 4121 600 4130 -
625 4095 733 4159 pecore]
752 4091 841 4145 lacco.
860 4107 886 4160 p.
905 4122 939 4130 -
963 4094 995 4144 18
1014 4090 1068 4159 qui]
1086 4091 1160 4160 quod
1176 4092 1237 4146 Al·

92 4173 164 4229 dus.
183 4204 216 4213 -
235 4178 266 4229 19
284 4174 365 4239 unde]
382 4177 414 4228 ut
431 4174 499 4230 GH.
518 4205 552 4214 —
568 4174 669 4239 Attius]
688 4176 772 4231 tatius
789 4175 904 4244 F¹Hp²,
928 4174 1033 4230 teocius
1052 4175 1153 4246 mia,
1175 4180 1236 4231 tac·

93 4258 189 4328 timp,
207 4258 300 4314 accius
312 4259 420 4330 reliqui,
432 4263 460 4314 ct
471 4259 572 4313 Accius
585 4258 699 4315 Grcth.
713 4291 743 4301 -
759 4264 791 4313 20
804 4259 900 4315 consul
913 4260 995 4323 cluat]
1008 4259 1112 4315 amicas
1123 4260 1237 4330 quidam

146 4352 280 4406 Spengel.
293 4353 360 4396 Varro
373 4353 400 4394 da
412 4353 490 4405 lingua
502 4352 579 4394 latina
1017 4349 1032 4398 3
