3060 5048
568 313 681 369 LIBER
697 313 870 370 DECIMUS.
905 314 1048 380 §55—5'1.
1322 313 1382 370 255

236 491 342 552 utrum
373 486 415 551 ab
448 484 603 569 singulari
635 504 669 552 re
702 484 735 550 in
767 482 1003 552 multitudinem
1036 503 1078 552 an
1107 492 1225 552 contra.
1270 484 1383 566 Neque
1405 486 1425 566 ξ
1449 487 1488 548 55

238 588 322 655 enim
344 587 373 652 si
394 592 510 653 natura
532 586 573 652 ab
593 580 659 653 'uno
681 585 724 651 ad
754 585 817 653 duo
847 587 1010 672 pervenit,
1042 586 1160 654 idcirco
1189 606 1252 653 non
1279 591 1385 670 potest

238 688 376 772 amplius
400 708 471 755 esse
493 687 526 752 in
549 687 693 755 docendo
715 689 891 773 posterius,
921 695 957 755 ut
977 688 1053 756 inde
1075 689 1227 774 incipias,
1249 692 1284 753 ut
1307 686 1385 769 quid

238 791 280 855 sit
301 790 389 874 prius
411 789 572 856 ostendas.
616 790 729 872 Itaque
759 797 791 857 et
819 791 854 856 hi
883 792 937 873 qui
967 790 1009 858 de
1035 791 1122 857 omni
1142 796 1257 856 natura
1279 786 1384 872 dispu-

200 903 216 953 5
237 896 306 956 tant
328 896 425 972 atque
447 891 521 958 ideo
544 900 700 960 vocantur
720 892 847 978 physici
875 897 983 960 tamen
1011 914 1051 960 ex
1072 892 1138 976 his,
1166 893 1207 957 ab
1235 891 1385 957 universa

237 998 352 1060 natura
373 994 508 1078 profecti
530 1000 624 1077 retro,
648 1014 730 1077 quae
753 1000 860 1062 essent
881 995 1039 1080 principia
1059 994 1179 1078 mundi,
1202 991 1382 1060 ostendunt.
1392 1007 1466 1059 (5111
1477 1005 1524 1061 Sol

238 1095 348 1163 Oratio
372 1115 443 1162 cum
466 1116 507 1161 ex
529 1097 642 1163 litteris
665 1103 798 1180 constat,
822 1104 929 1164 tamen
952 1117 1023 1164 eam
1046 1096 1247 1180 grammatici
1269 1095 1310 1160 de
1332 1094 1382 1159 lit
1481 1116 1484 1171 j

237 1198 314 1265 teris
351 1198 531 1265 ostendunt.
590 1198 696 1277 Quare
728 1199 760 1264 in
794 1199 1058 1279 demonstrando,
1096 1199 1245 1280 quoniam
1277 1198 1383 1283 potius
1405 1197 1425 1276 ξ
1449 1199 1489 1261 56

237 1299 395 1385 proficisci
418 1299 471 1384 [de
493 1301 609 1368 litteris
631 1298 812 1386 ostendunt]
836 1307 961 1385 oportet
990 1301 1032 1365 ab
1060 1321 1098 1369 eo
1128 1299 1214 1382 quod
1242 1299 1383 1384 apertius

189 1410 217 1462 10
240 1408 288 1470 est
304 1421 399 1483 quam
414 1402 456 1467 ab
479 1422 518 1468 eo
541 1402 626 1483 quod
647 1403 736 1487 prius
758 1409 816 1488 est,
839 1411 871 1470 et
892 1403 998 1487 potius
1019 1404 1061 1468 ab
1083 1403 1263 1486 incorrupto
1287 1420 1383 1484 quam

239 1499 269 1590 [a
298 1501 459 1590 corrupto]
490 1504 661 1588 principio,
695 1505 736 1571 ab
765 1511 879 1571 natura
910 1526 1014 1571 rerum
1043 1525 1140 1587 quam
1168 1505 1210 1571 ab
1240 1502 1384 1569 lubidine

238 1606 410 1688 hominum,
438 1611 469 1671 et
491 1605 573 1672 haec
593 1606 656 1672 tria
678 1625 760 1689 quae
781 1608 946 1689 sequenda
968 1609 1070 1691 magis
1092 1612 1165 1673 sunt
1186 1605 1289 1671 minus
1311 1610 1384 1670 sunt

237 1706 270 1771 in
285 1707 500 1787 singularibus
516 1726 611 1788 quam
633 1707 666 1773 in
685 1708 897 1792 multitudine,
920 1705 949 1794 [a
964 1705 1168 1795 mulitudine]
1186 1705 1384 1775 commodius
1482 1726 1486 1787 3

238 1813 345 1893 potest
367 1807 474 1891 ordiri,
497 1808 582 1891 quod
603 1809 637 1873 in
659 1808 710 1875 his
732 1810 896 1894 principiis
918 1810 1021 1878 minus
1044 1812 1176 1878 rationis
1197 1810 1306 1878 verbis
1326 1806 1383 1872 fin-

187 1920 215 1971 15
236 1909 358 1993 gendis.
385 1909 560 1975 Verborum
575 1912 694 1976 formas
708 1910 833 1977 facilius
849 1906 1044 1995 [singularia]
1060 1913 1162 1978 uideri
1176 1932 1271 1998 posse
1287 1930 1383 1994 quam

238 2032 279 2078 ex
308 2011 540 2094 singularibus,
573 2013 782 2080 multitudinis
809 2013 890 2079 haec
919 2013 1089 2080 ostendunt
1117 2016 1240 2082 Trabes
1269 2014 1383 2096 Trabs,

236 2114 343 2179 Duces
366 2116 450 2179 Dux.
494 2113 647 2180 Videmus
677 2115 761 2181 enim
792 2135 832 2181 ex
853 2114 910 2181 bis
939 2115 1046 2181 verbis
1069 2116 1193 2181 Trabes
1215 2117 1322 2182 Duces
1344 2115 1385 2181 de
1406 2117 1425 2195 ξ
1450 2117 1488 2178 57

237 2221 380 2281 extrema
412 2215 540 2299 syllaba
572 2216 599 2280 ld
627 2215 767 2282 litteram
800 2217 963 2283 exclusam
995 2224 1026 2281 et
1058 2217 1132 2284 ideo
1165 2218 1198 2282 in
1230 2217 1384 2299 singulari

322 2434 353 2488 F.
373 2435 418 2491 iol.
439 2436 507 2490 331).
525 2436 614 2491 minus
632 2440 696 2491 sunt

324 2660 339 2709 2
357 2657 443 2712 icirco
461 2656 494 2710 F.
512 2688 546 2695 —
564 2661 579 2710 3
599 2657 674 2726 quid]
692 2659 764 2727 quod
781 2658 935 2725 FtGrotht.
954 2691 987 2698 -
1006 2663 1020 2712 5
1039 2657 1140 2729 phisici
1157 2658 1189 2711 F.
1207 2687 1241 2696 -
1259 2661 1274 2710 6
1293 2661 1384 2713 osten-

239 2741 316 2805 dunt]
330 2735 422 2796 ‘scrib
441 2740 630 2797 ostenderunt’
651 2743 722 2813 LSp.
741 2774 774 2782 —
793 2749 807 2797 7
825 2740 903 2814 ‘fort
923 2738 1043 2799 constet'
1060 2744 1131 2813 LSp.
1150 2744 1225 2813 conf.
1246 2743 1275 2798 C.
1293 2743 1326 2797 F.
1339 2742 1384 2797 W.

238 2825 366 2881 Miller
383 2842 409 2894 p.
429 2829 487 2879 811.
506 2857 537 2864 -
557 2843 617 2882 eam
634 2829 732 2898 vulg,
750 2829 783 2883 de
802 2845 836 2884 ea
853 2830 1077 2898 Augustinus.
1099 2827 1176 2898 ‘fort
1195 2845 1229 2883 ex
1247 2828 1293 2883 ea’
1313 2827 1383 2897 LSp.

238 2940 271 2949 —
291 2914 305 2965 8
325 2908 472 2966 ostenddnt
489 2912 512 2965 F
531 2912 626 2981 (Keil),
651 2915 798 2969 ostendunt
815 2913 838 2967 F
858 2915 965 2979 (Groth)
981 2915 1053 2983 H¹p,
1072 2915 1251 2969 ostenderunt
1268 2912 1383 2967 ceteri.

237 3027 270 3034 —
290 3001 305 3050 9
323 2997 470 3066 proficisci]
490 2998 540 3053 Ga
558 2997 760 3068 Scioppius,
782 2997 924 3068 proficisse
941 2999 1013 3068 ΕΗ,
1037 2999 1187 3068 profecisse
1205 2998 1321 3054 ceteri.
1348 3028 1382 3037 -

238 3081 273 3134 de
294 3081 394 3137 litteris
418 3082 566 3137 ostendunt
591 3099 643 3137 om.
668 3084 755 3152 vulg.
783 3114 815 3123 —
844 3088 875 3138 10
893 3084 985 3153 potius
1010 3087 1044 3140 ab
1071 3086 1230 3154 incorrupto
1259 3099 1340 3153 quam
1366 3097 1384 3137 a

239 3169 379 3235 corrupto]
402 3167 501 3237 scripsi
522 3166 591 3222 duce
611 3167 675 3237 LSp
698 3170 748 3239 qai
768 3169 860 3237 potius
882 3186 962 3239 quam
980 3186 998 3226 a
1016 3174 1144 3241 corrupto
1165 3169 1200 3224 ab
1223 3170 1383 3237 incorrupto

237 3250 279 3304 cel
295 3250 388 3320 potius
411 3267 490 3320 quam
508 3267 526 3307 a
542 3251 677 3321 principio
702 3254 736 3308 ab
759 3253 921 3325 incorrupto
945 3255 1101 3327 proposcit.
1128 3255 1220 3324 potius
1244 3269 1324 3322 quam
1348 3253 1383 3307 ab

236 3332 396 3404 incorrupto
414 3335 447 3401 F,
465 3337 557 3405 potius
575 3339 610 3392 ab
628 3340 787 3408 incorrupto
805 3339 942 3411 principio
960 3356 1080 3410 quam..
1100 3357 1160 3395 cana
1179 3339 1280 3394 lacuna
1296 3337 1383 3392 Mul-

236 3416 295 3471 ler.
315 3448 348 3456 -
368 3422 397 3471 11
418 3420 453 3473 ab
470 3426 581 3486 natura]
599 3427 627 3476 et
643 3423 736 3492 potius
754 3425 790 3478 ab
807 3428 908 3480 natura
924 3425 956 3480 111
962 3426 1065 3493 iiller,
1090 3424 1174 3495 idque
1193 3424 1294 3477 rectius
1310 3421 1383 3477 oide-

238 3509 283 3556 151
309 3509 397 3572 quam*
417 3505 482 3559 item
509 3507 561 3572 (ccl
585 3511 622 3573 et)
648 3509 683 3563 ab
711 3513 819 3564 natura.
846 3541 880 3549 —
908 3514 939 3564 12
956 3506 1050 3579 ‘magis
1072 3511 1143 3580 sort.
1166 3502 1228 3564 del?
1251 3507 1322 3576 LSp.
1349 3537 1383 3548 -

239 3591 270 3641 13
289 3604 306 3642 a
323 3589 507 3655 multitudine}
520 3591 583 3646 cdd.
596 3592 667 3661 LSp.
686 3623 718 3632 —
733 3587 811 3662 ‘fort
829 3598 921 3663 potest
938 3611 998 3649 esse
1010 3593 1106 3649 ordiri'
1120 3593 1191 3664 LSp.
1210 3624 1243 3632 —
1264 3596 1296 3646 14
1306 3592 1383 3663 prin·

237 3673 325 3742 oipiis]
350 3673 470 3742 Aldus,
496 3676 665 3746 principibus
687 3677 719 3730 F.
746 3674 824 3748 ‘sort
847 3679 919 3747 quod
942 3678 972 3732 in
993 3679 1036 3733 his
1060 3678 1203 3749 principiis
1225 3678 1314 3732 minus
1337 3693 1382 3733 ra·

236 3757 319 3813 tionis
343 3757 432 3812 verbis
453 3758 599 3828 fingendis3
626 3761 768 3817 verborum
791 3763 893 3818 formas
915 3763 1024 3820 facilius
1046 3765 1133 3819 videri
1151 3778 1233 3834 posse
1251 3778 1330 3832 quam
1348 3778 1383 3817 ex

237 3842 421 3912 singularibus
439 3862 473 3900 ex
489 3846 671 3901 multitudinis
688 3849 757 3902 haec
776 3851 922 3905 ostendunt
939 3848 994 3910 ccl,
1016 3849 1041 3903 sc'
1057 3847 1215 3903 uocabulum
1234 3848 1383 3916 singularia

235 3929 351 3998 probum
370 3933 424 3995 est,
441 3929 530 3984 minus
548 3931 664 3986 rationis
681 3932 771 3988 verbis
788 3933 936 4003 fingendis3
963 3939 1007 4000 [ex
1028 3932 1220 3998 multitudinis]
1237 3933 1381 3987 verborum

236 4009 336 4069 forma'
353 4014 424 4083 LSp.
443 4030 494 4084 epo
514 4015 662 4082 singularia
679 4016 765 4072 delevi
782 4033 842 4071 cum
859 4018 921 4088 LSp
942 4019 992 4074 sed
1008 4018 1086 4089 infra
1109 4017 1289 4072 multitudinis
1312 4019 1381 4072 hacc

237 4101 370 4154 coniunxi
392 4098 469 4166 (1.5.
493 4099 675 4155 multitudinis
692 4103 761 4157 haec
778 4103 921 4172 exempla).
948 4134 983 4142 —
1008 4102 1133 4166 rationis]
1151 4102 1228 4172 LSp,
1250 4101 1381 4158 orationis

236 4183 269 4238 F.
295 4215 330 4223 —
356 4189 387 4238 15
405 4184 514 4251 formas]
532 4185 604 4255 LSp,
622 4185 711 4243 lorma
731 4187 764 4242 F.
790 4218 824 4226 —
852 4191 883 4242 16
900 4191 976 4258 traps
994 4187 1083 4243 Roth
1099 4186 1197 4241 Philol.
1215 4190 1304 4260 XVII,
1323 4193 1379 4246 116.

235 4297 270 4306 -
289 4272 321 4323 ts
339 4271 485 4336 exclusam]
501 4266 576 4342 ‘fort
595 4264 702 4327 elisam’
720 4272 792 4342 LSp.
