3038 5048
591 310 682 364 Satura
700 312 794 367 critica.
1184 329 1264 368 exim

115 494 188 544 recte
209 486 237 542 in
260 493 291 542 ut
312 487 406 542 acone
429 487 541 557 dempta
562 486 648 541 uncia
669 485 844 552 mutavimus,
867 494 895 542 et
916 487 1070 544 coniectura
1092 495 1184 545 nostra
1208 498 1265 543 tra-

115 571 236 629 iectionis
259 571 287 625 in
308 569 432 642 principii
452 568 540 625 verbis
562 570 651 626 multa
670 571 811 641 pecuniae
833 586 886 626 non
910 569 986 627 fallit.

199 653 353 729 Explicandi
376 669 454 710 eausa
475 653 580 727 saepius
601 670 616 709 a
637 652 750 709 librariis
773 654 853 710 verba
875 655 964 711 addita
986 672 1045 712 esse
1066 664 1187 721 constat,
1214 672 1264 714 nec

112 742 209 798 mirum
232 740 254 794 si
276 738 405 812 pleraque
426 737 470 793 illa
491 754 573 811 supra
595 755 609 795 a
632 737 768 794 Prisciano
793 739 889 794 omissa
912 749 973 813 past
997 740 1053 795 eius
1081 749 1193 797 aetatem
1215 741 1264 796 ad-

113 827 167 882 dita
189 824 251 888 sint,
275 823 321 879 sed
344 823 515 879 inveniuntur
537 823 695 897 sententiae,
718 840 786 896 quac
805 824 862 880 sine
878 840 956 880 causa
976 824 1130 882 interiectae
1145 825 1265 881 ordinem

112 925 207 966 rerum
235 905 409 981 perturbent,
443 915 474 963 ut
503 923 546 963 eas
575 923 589 962 a
615 907 734 963 Varrone
761 908 872 981 scriptas
901 925 960 964 esse
987 926 1085 982 neges,
1118 917 1147 965 ut
1169 910 1199 973 V,
1224 913 1263 967 44

111 993 260 1050 velabrum
282 1009 301 1046 a
321 992 461 1059 oebend0,·
493 993 652 1048 velaturam
672 992 769 1064 facere
792 994 876 1048 etiam
897 1009 972 1048 nunc
999 995 1131 1049 dicuntur
1159 995 1207 1065 qui
1234 994 1265 1048 id

112 1078 238 1133 mercede
259 1076 379 1147 faciunt.
423 1074 532 1133 Merces
555 1077 700 1132 dicituro
720 1079 850 1133 merendo
873 1084 900 1133 et
922 1094 997 1133 aere.
1041 1078 1107 1133 duic
1133 1085 1265 1133 vecturae

114 1163 162 1235 qui
183 1161 294 1216 ratibus
317 1161 478 1216 transibant
500 1161 656 1232 quadrans.
685 1161 848 1234 ineptissime
870 1161 934 1218 haec
955 1162 1117 1236 etymologia
1139 1162 1265 1218 Varronis

112 1247 221 1319 ingenio
243 1245 314 1301 haud
336 1245 443 1318 indigna
464 1244 604 1301 interiecta
625 1254 675 1302 est.
701 1246 749 1301 sed
771 1262 850 1321 quam
873 1246 956 1303 lacilis
978 1247 1012 1302 sit
1035 1263 1111 1303 error
1133 1254 1161 1303 et
1182 1263 1216 1302 ne
1236 1247 1264 1302 in

113 1331 150 1387 eis
173 1330 281 1404 quidem
304 1346 372 1402 quae
401 1329 548 1385 certissima
575 1329 714 1386 videantur
743 1331 821 1386 nobis
849 1331 888 1386 ius
911 1331 988 1387 exilio
1016 1330 1145 1387 multandi
1175 1331 1266 1387 datum

114 1432 171 1472 esse
193 1415 293 1470 docent
314 1413 379 1471 hacc
394 1414 471 1486 vit
493 1415 623 1470 meridies
641 1455 647 1469 .
665 1457 672 1472 .
688 1414 715 1470 D
738 1416 856 1486 antiqui,
879 1432 937 1471 non
955 1416 976 1470 R
998 1417 1028 1471 in
1050 1414 1103 1471 boc
1125 1416 1264 1482 dicebaut,

113 1507 144 1556 ut
174 1499 326 1555 Praeneste
355 1499 476 1555 incisum
503 1500 534 1555 in
561 1499 669 1555 solario
698 1499 767 1555 vidi.
796 1501 934 1556 solarium
963 1501 1065 1556 dictum
1092 1501 1123 1556 id
1150 1502 1181 1557 in
1210 1515 1264 1572 quo

113 1583 201 1639 borae
223 1584 255 1640 in
276 1584 335 1639 sole
356 1584 596 1662 inspiciebantur,
631 1585 705 1656 quod
729 1583 875 1641 Cornelius
900 1586 930 1640 in
954 1585 1075 1641 basilica
1096 1582 1217 1641 Aemilia
1239 1591 1265 1639 et

114 1668 218 1724 Fulvia
245 1668 433 1733 inumbravit,
465 1667 512 1724 ubi
533 1668 553 1723 B
575 1667 654 1725 verba
677 1669 815 1724 solariam
837 1711 844 1726 .
869 1711 875 1725 .
898 1670 1135 1743 inspiciebantur,
1168 1670 1265 1726 Laetus

115 1754 192 1809 etiam
214 1751 327 1808 verbnm
349 1752 424 1826 quod
445 1752 581 1827 praecedit
602 1753 661 1808 vidi
683 1754 820 1818 omittunt,
844 1761 871 1809 at
886 1770 953 1828 quae
968 1762 1119 1829 sequuntur
1142 1755 1216 1826 quod
1233 1795 1263 1810 ..

115 1838 288 1893 inumbravit
311 1837 354 1893 illa
375 1836 505 1911 flagitant.
550 1853 634 1910 quare
655 1848 732 1894 caute
756 1839 783 1894 in
805 1839 846 1894 his
867 1837 949 1895 rebus
971 1840 1103 1913 agendum
1125 1855 1175 1896 nee
1196 1855 1265 1913 pro-

113 1920 239 1987 bandum,
262 1921 284 1977 si
306 1938 332 1977 v.
355 1939 379 1980 c.
401 1921 594 1978 Wilmanns
618 1922 659 1986 Vl,
683 1923 722 1981 43
747 1922 826 1978 verba
847 1925 890 1978 sic
912 1940 926 1977 e
949 1925 1021 1980 lacte
1044 1930 1140 1979 coacto
1165 1939 1264 1980 caseus

113 2008 274 2063 nominatus
297 2006 409 2062 dolenda
432 2023 490 2063 esse
512 2016 612 2064 censet.

198 2092 234 2146 ln
257 2091 434 2146 orationis
457 2109 520 2148 usu
541 2091 649 2148 multa
673 2090 823 2146 Varroni
853 2099 937 2147 sunt
965 2093 1125 2166 propria,
1160 2108 1266 2166 semper

113 2175 176 2232 dicit
196 2183 227 2230 ut
250 2218 256 2230 .
280 2215 286 2230 .
310 2177 351 2231 sic
373 2192 511 2249 nunquam
533 2183 563 2231 ut
587 2216 594 2231 .
619 2217 625 2230 .
648 2176 699 2240 ita,
724 2174 923 2247 quarelalsum
946 2177 1082 2250 estquod
1106 2175 1169 2240 Vlll,
1196 2176 1210 2234 1
1234 2183 1265 2231 ut

109 2275 239 2333 propuqo
263 2260 352 2316 omnis
374 2268 481 2316 natura
502 2261 640 2325 secunda,
675 2260 749 2332 quod
772 2260 855 2332 prius
883 2260 956 2316 illud
980 2267 1100 2325 rectum,
1134 2260 1207 2315 unde
1230 2276 1265 2314 ea

112 2345 154 2399 sic
176 2344 335 2415 declinata,
368 2346 465 2417 itaque
494 2346 653 2401 declinatur
679 2345 710 2400 in
732 2345 824 2399 verbis
852 2351 957 2399 rectum
979 2345 1086 2408 Homo,
1121 2343 1264 2413 obliquum

113 2429 245 2485 Hominis
260 2429 367 2501 vulgata
382 2430 455 2485 dedit
470 2431 506 2484 sit
521 2430 672 2493 declinata,
695 2429 746 2485 ita.
777 2428 859 2483 Varro
875 2429 981 2503 scripsit
995 2430 1070 2501 quod
1086 2428 1169 2499 prius
1190 2427 1263 2482 illud

112 2514 187 2569 unde
209 2529 252 2579 ea,
275 2514 317 2569 sic
339 2514 496 2570 declinatus
518 2516 549 2569 in
570 2515 673 2579 verbis,
696 2521 784 2569 cetera
806 2513 873 2569 male
896 2514 982 2570 addita
1006 2521 1079 2569 sunt.
1116 2512 1178 2567 item
1201 2511 1264 2567 dicit

112 2598 195 2670 quod,
218 2614 275 2653 non
297 2599 373 2669 quia,
397 2599 470 2672 quod
492 2598 539 2656 ubi
560 2598 658 2671 legitur
680 2605 839 2671 corruptum
861 2607 910 2663 est,
934 2605 964 2654 ut
979 2598 1020 2663 Vl,
1039 2597 1078 2656 24
1096 2598 1126 2653 in
1145 2595 1263 2654 Velabro

112 2682 182 2754 quia
203 2682 233 2737 in
254 2698 357 2737 novam
383 2685 459 2739 viam
487 2684 581 2738 emitur
608 2700 657 2757 pro
687 2698 745 2755 qua
773 2698 788 2737 a
813 2683 894 2739 Laeto
923 2683 1064 2748 restituto,
1097 2697 1148 2737 nec
1176 2681 1264 2736 minus

112 2766 236 2839 corrupti
256 2774 320 2822 sunt
341 2766 393 2823 loci
417 2769 458 2832 111,
484 2770 533 2829 36,
558 2770 608 2832 41,
633 2767 685 2831 Vll,
711 2772 744 2832 7;
778 2768 828 2823 hae
855 2767 1001 2841 particulae
1027 2767 1055 2822 in
1082 2765 1157 2823 libris
1184 2782 1263 2840 saepe

112 2850 327 2916 confunduntur,
350 2861 381 2908 ut
403 2852 445 2917 Vl,
464 2852 503 2911 65
525 2869 543 2926 p
566 2853 642 2924 quia,
666 2868 722 2907 non
744 2853 819 2924 quod
840 2851 942 2909 scribit.
979 2861 1036 2909 tum
1058 2867 1114 2908 non
1135 2852 1263 2925 leguntur

111 2935 163 2991 nisi
185 2943 322 2992 conuecta
343 2936 424 2993 verba
447 2937 645 3011 appellarunt,
680 2938 874 3009 quaesierunt,
909 2938 1074 3002 declinarit,
1109 2937 1262 3004 aberraro,·

111 3019 241 3077 vocabulo
263 3021 372 3078 scilicet
393 3039 459 3077 usus
481 3038 539 3078 esse
562 3022 759 3086 concidetur,
783 3023 836 3078 vid.
859 3023 893 3078 ad
914 3023 945 3087 X,
972 3021 1019 3086 18,
1043 3022 1094 3081 44.
1126 3030 1264 3096 praeterea

109 3121 178 3160 nam
200 3105 271 3171 dicit,
295 3121 352 3162 non
372 3121 492 3178 namque
515 3107 589 3179 quod
612 3106 642 3169 11,
669 3107 708 3165 74
731 3105 779 3161 GH
803 3106 939 3174 scribunt;
963 3106 1119 3181 particulam
1142 3120 1194 3177 que
1216 3120 1262 3159 ra-

111 3189 214 3246 rissime
234 3191 262 3247 in
284 3190 325 3245 his
347 3189 422 3246 libris
442 3190 555 3247 inveniri
577 3207 658 3264 supra
680 3191 779 3248 dietum
801 3199 851 3247 est.
896 3198 926 3247 at
951 3192 1025 3247 enim
1053 3207 1104 3264 pro
1131 3197 1162 3245 nt
1190 3188 1263 3244 enim

111 3290 168 3330 uon
190 3283 263 3331 recte
285 3273 380 3331 bliiller
402 3274 446 3340 111,
471 3277 510 3332 73
535 3275 690 3332 coniectura
711 3276 837 3349 protulit,
862 3274 977 3332 alienum
1000 3284 1041 3332 est
1062 3273 1094 3330 ab
1116 3272 1195 3330 huius
1218 3270 1262 3326 di-

111 3358 188 3414 cendi
209 3376 271 3415 usu.
316 3367 452 3433 praeterea
475 3359 629 3433 frequentat
658 3366 790 3432 quotquot
818 3361 917 3426 annis,
951 3377 1006 3416 non
1036 3359 1200 3432 quotannis,
1236 3362 1263 3410 ct

108 3441 294 3514 fortassean
317 3460 378 3500 cum
401 3443 570 3502 coniunctivo
592 3461 643 3518 pro
664 3444 797 3516 forsitan,
820 3461 981 3518 quamquam
1003 3443 1155 3517 quotannis
1176 3441 1262 3496 intor-

110 3526 176 3583 dum
197 3529 226 3583 in
247 3528 268 3583 V
289 3529 440 3594 invenitur,
468 3537 499 3585 ut
520 3528 551 3593 V,
576 3530 625 3602 85,
650 3527 689 3592 Vl,
714 3528 763 3593 25,
788 3529 839 3587 54.
868 3529 1004 3604 singulare
1026 3535 1067 3584 cst
1089 3526 1163 3600 quod
1185 3533 1261 3580 tran·

108 3611 191 3668 situm
214 3612 277 3670 iacit
297 3614 434 3686 incipiam
455 3613 521 3669 binc
543 3612 665 3670 absolute
689 3613 845 3679 dictumvi,
862 3613 914 3678 41,
942 3614 986 3677 111,
1005 3611 1054 3676 39,
1078 3611 1110 3667 de
1130 3626 1161 3666 re
1183 3625 1206 3665 r.
1229 3607 1259 3674 11,

111 3695 138 3761 1,
155 3695 186 3761 7,
216 3704 248 3754 ut
269 3697 460 3770 corrigendum
481 3699 516 3755 sit
537 3716 564 3773 p.
582 3698 645 3762 Vlll,
666 3698 692 3763 1,
722 3698 775 3754 vid.
797 3698 859 3754 adn.
883 3705 910 3754 et
931 3697 1009 3754 facile
1031 3696 1110 3753 etiam
1132 3693 1164 3750 de
1184 3709 1215 3748 re
1237 3709 1261 3748 r.

107 3779 151 3844 111,
178 3781 192 3840 1
219 3782 270 3837 sub
292 3781 372 3838 finem
395 3784 430 3838 de
452 3784 552 3855 quibus
575 3784 748 3857 reponendis
769 3783 882 3838 initium
909 3783 1022 3856 capiam
1048 3779 1114 3835 binc
1142 3777 1262 3834 solemne

107 3863 175 3921 illud
205 3865 287 3922 tuisse
311 3906 318 3921 .
343 3907 350 3922 .
373 3867 484 3922 initium
511 3867 628 3939 faciam.
658 3868 794 3941 incipiam
818 3866 884 3923 binc
907 3866 1031 3925 conicias.
1061 3863 1198 3938 Frequens
1221 3870 1262 3919 est

106 3947 210 4006 locutio
232 3951 264 4006 in
291 3967 345 4023 quo
375 3960 520 4024 praeeunte
548 3951 645 4024 plurali
674 3968 803 4016 numero,
837 3968 893 4008 nan
920 3951 1001 4008 modo
1030 3947 1078 4005 ubi
1106 3948 1261 4004 universum

108 4034 325 4108 comprehendit,
357 4035 405 4092 sed
427 4034 504 4091 etiam
526 4034 573 4091 ubi
595 4035 791 4093 multitudinem
813 4052 881 4109 quae
902 4033 1039 4110 praecedit
1059 4040 1151 4098 notat,
1174 4031 1217 4099 Vl,
1241 4032 1259 4089 2

109 4115 284 4192 Chrysippus
313 4127 339 4175 et
367 4116 519 4192 Antipater
548 4127 574 4174 et
601 4121 647 4177 illi
661 4121 704 4198 'in
733 4122 832 4194 quibus
854 4121 881 4176 si
901 4136 959 4176 non
981 4124 1089 4175 tantum
1111 4115 1259 4183 acuminis,

107 4209 139 4258 at
157 4203 226 4276 plus
248 4204 422 4269 litterarum,
451 4204 483 4259 in
505 4219 558 4276 quo
581 4212 622 4261 est
642 4199 847 4278 Aristophanes
869 4211 896 4260 et
918 4199 1118 4278 Apollodorus,
1143 4203 1172 4269 V,
1200 4198 1260 4262 108

1018 4299 1055 4352 θ*
