3038 5048
276 297 294 336 ι,
745 318 751 329 .
786 276 926 331 Praelatio.

365 454 421 513 Sub
447 453 528 511 duem
550 450 663 527 exempli
692 466 769 508 causa
800 452 817 525 ς
845 453 1008 511 107-108
1032 450 1121 509 llaevii
1149 449 1254 509 fabulas
1286 451 1387 520 affert,
1418 464 1451 513 nt

281 558 350 619 quae
372 540 422 598 alia
444 536 588 613 singularia
608 534 687 595 verba
710 537 807 609 exponi
836 537 942 612 possint
970 535 1110 603 ostendat3
1144 534 1191 592 has
1221 552 1254 594 ex
1288 537 1448 597 litterarum

281 626 375 685 ordine
397 632 565 682 enumeratas
588 623 620 679 0.
643 620 788 693 Mulier,
815 631 843 679 et
864 618 1001 687 deutoro,
1032 636 1088 677 non
1109 618 1219 678 Euroo
1241 619 1286 678 vel
1310 623 1446 682 Hesiona

280 711 364 769 luisse
386 710 491 767 monuit
505 704 712 766 Buecheler.
742 716 835 781 aperte
856 716 1015 781 comuptum
1036 714 1077 764 est
1097 703 1133 762 ibi
1154 705 1186 762 iu
1203 705 1371 765 Tarentilla
1387 725 1446 783 po·

283 797 329 854 cui
351 797 415 853 dum
438 795 474 852 ol
497 794 558 850 lure
579 793 699 849 illustre.
735 791 851 848 Pacuvio
875 790 978 848 nullum
1001 790 1044 848 hic
1065 789 1155 848 locum
1177 807 1237 848 esse
1258 799 1373 866 praeter
1394 793 1444 850 aliu

281 889 448 957 postremum
463 895 494 935 en
510 875 580 934 bello
596 876 697 933 Punico
713 876 793 933 docet
813 874 976 950 exemplum;
1000 876 1149 951 requiritur
1162 875 1327 934 vocabulum
1349 879 1441 936 miuus

282 967 409 1024 usitatum
438 979 452 1019 a
481 960 543 1019 luce
571 961 717 1018 derivatum
747 961 821 1037 quod
848 960 913 1018 latet
941 961 968 1016 in
997 962 1083 1034 pecul
1111 961 1193 1028 dum·
1228 976 1287 1018 non
1318 962 1443 1039 ineptum

283 1049 386 1106 lliilleri
404 1047 612 1121 praelucidum,
635 1045 681 1102 sed
706 1045 846 1102 delendum
868 1045 974 1103 videtur
995 1046 1115 1104 illustre.

692 1215 734 1271 lte
763 1211 856 1272 libro
887 1223 1027 1272 octavo.

370 1384 524 1440 Octavus
546 1379 636 1440 liber
658 1382 705 1456 qni
725 1383 828 1457 primus
850 1391 891 1440 est
914 1383 994 1441 trium
1017 1383 1051 1441 de
1073 1382 1194 1457 analogia
1214 1379 1351 1441 librorum
1365 1401 1444 1443 eam·

284 1485 339 1545 que
359 1469 510 1543 impugnat,
542 1466 592 1523 sub
615 1466 695 1523 finem
718 1467 874 1524 decurtatus
896 1475 951 1535 est,
982 1468 1029 1525 sed
1054 1484 1144 1525 rerum
1165 1466 1245 1525 index
1265 1470 1443 1545 praepositus

285 1571 353 1630 quae
369 1554 554 1612 desiderentur
569 1552 661 1618 docet;
686 1568 769 1626 quare
783 1560 814 1609 ut
828 1553 968 1625 scriptoris
991 1553 1059 1610 ratio
1082 1560 1219 1627 appareat,
1240 1552 1327 1628 ipsius
1350 1554 1443 1613 verb'm

284 1645 470 1715 argumentum
492 1637 585 1712 paucis
606 1652 782 1710 exponemus.

371 1724 461 1787 Docet,
485 1739 535 1778 our
557 1729 585 1778 et
604 1723 636 1779 t‘rr
658 1737 712 1795 quo
734 1729 762 1779 ct
783 1723 1012 1795 quemadmodum
1035 1721 1115 1779 verba
1136 1720 1269 1780 declinata
1289 1720 1356 1780 sint.

333 1812 358 1866 l.
383 1807 456 1864 cult.
479 1806 595 1880 §1—8
618 1806 765 1863 necessaria
786 1806 820 1864 de
841 1823 930 1874 cansa,
954 1808 1029 1883 quod
1051 1815 1155 1865 tantum
1171 1804 1317 1864 verborum
1341 1822 1442 1865 nume-

382 1908 442 1948 rum
464 1891 565 1948 discere
587 1907 643 1947 non
665 1892 807 1966 possimus.

331 1978 360 2035 2.
382 1976 416 2034 tlt
438 1975 515 2044 QUO.
538 1973 672 2052 §tt-20
703 1992 820 2034 oausam
849 1992 901 2032 cur
928 1978 1016 2033 cerlo
1045 1977 1081 2033 alt
1109 1976 1249 2049 impositis
1276 1976 1442 2034 nominibus

382 2063 551 2122 declinarint
565 2061 698 2135 quouium
713 2062 829 2127 osteudr',
851 2062 985 2135 sequitur,
1007 2061 1039 2117 iu
1061 2075 1114 2134 quo
1136 2060 1278 2117 volueriut
1298 2060 1442 2119 molinam

383 2154 435 2204 out
455 2148 598 2204 noluerint
619 2153 650 2204 ut
670 2148 826 2220 peuerotim
848 2162 882 2202 oc
903 2147 1061 2202 summatim
1088 2146 1154 2203 item
1177 2144 1334 2217 iuforruem.
1376 2155 1443 2205 sunt

693 2230 887 2289 indeclinabilia

695 2315 862 2374 declinabilia

853 2403 878 2459 l.
902 2400 1009 2456 nomina
1031 2396 1050 2475 ὅ
1076 2401 1146 2458 12-
1161 2402 1196 2458 19

848 2485 877 2542 2.
900 2483 981 2542 verba
1002 2481 1022 2559 ξ
1045 2483 1096 2542 20.

287 2569 417 2625 NOMINA
440 2568 609 2624 declinantur

333 2656 359 2709 1.
383 2658 429 2707 aut
450 2653 477 2708 in
499 2667 589 2708 earum
611 2668 702 2708 rerum
724 2653 884 2719 discrimina,
908 2669 1021 2727 quarum
1043 2653 1152 2711 nomina
1173 2661 1251 2718 sunt,
1275 2659 1308 2709 ut
1329 2652 1362 2710 ab
1386 2653 1441 2711 'l'e-

383 2737 486 2793 reutius
508 2736 629 2802 Terenti;

332 2821 361 2876 2.
382 2828 429 2876 aut
449 2821 476 2875 iu
499 2835 590 2876 earum
612 2820 792 2885 extrinsecus,
824 2837 938 2895 quarum
969 2839 999 2880 ea
1028 2823 1136 2881 nomina
1164 2838 1220 2882 non
1242 2828 1323 2889 sunt,
1353 2829 1386 2880 ut
1407 2821 1440 2880 ab

383 2921 453 2977 equo
479 2919 582 2977 equuso.

378 2992 404 3046 1.
427 2988 456 3043 ln
478 3003 526 3045 sua
548 2987 698 3045 discrimina
719 2987 888 3046 declinantur

492 3080 539 3129 aut
559 3079 672 3146 propter
692 3071 777 3146 ipsius
798 3074 837 3132 rei
858 3083 980 3132 naturam
1002 3075 1035 3133 de
1057 3091 1110 3150 qua
1131 3076 1238 3143 dicitur,

492 3165 538 3214 aut
559 3164 672 3232 propter
692 3157 762 3215 illius
786 3159 831 3234 qui
854 3159 927 3216 dicit.

289 3245 405 3319 Propter
427 3243 510 3317 ipsius
532 3243 571 3299 rei
592 3242 742 3299 discrimina

493 3334 539 3385 aut
561 3327 594 3384 ab
616 3336 685 3393 toto,
707 3337 739 3387 ut
760 3328 792 3385 ab
814 3329 923 3387 homine
944 3328 1133 3394 homunculus,

493 3420 539 3470 aut
561 3422 681 3486 aparte.
704 3430 773 3488 quae
794 3430 808 3470 a
829 3423 905 3489 parte
927 3413 1066 3479 declinata,

585 3496 613 3571 l)
634 3505 681 3554 aut
702 3515 717 3555 a
738 3514 869 3573 corpore,
891 3507 924 3556 ut
944 3516 958 3556 a
980 3514 1093 3555 mamma
1113 3513 1283 3565 mammosae,

579 3583 610 3654 2)
633 3591 680 3640 aut
701 3582 734 3640 ab
755 3583 852 3649 animo,
876 3591 908 3640 ut
928 3599 943 3639 a
964 3582 1107 3657 prudentia
1127 3584 1283 3659 prudentes,

580 3665 611 3739 3)
633 3676 680 3724 aut
701 3675 775 3725 entra
795 3667 939 3733 hominem,
962 3675 994 3724 ut
1014 3668 1164 3743 pecuniosi.

289 3749 405 3826 Propter
427 3767 520 3810 eorum
542 3751 589 3826 qui
611 3751 704 3808 dicunt
725 3752 851 3824 usum,*)
874 3751 998 3810 declinati
1019 3769 1105 3820 casus,
1129 3751 1150 3831 ξ
1176 3755 1223 3814 16.

359 3946 385 4012 *)
403 3961 481 4014 snpra
499 3948 564 4000 dixit
586 3951 700 4017 propter
722 3947 798 3998 illiue
816 3952 863 4014 qui
880 3950 960 4017 dicit,
987 3951 1004 4005 i.
1024 3954 1195 4016 emturum,
1221 3949 1291 4018 qnod
1310 3961 1368 4002 curn
1384 3949 1438 4000 lam

289 4011 378 4065 multis
396 4015 484 4068 uerbis
501 4015 661 4084 interpositis
679 4015 789 4082 intelligl
807 4031 859 4068 uon
876 4019 973 4085 possit,
991 4017 1136 4074 ermunns
1153 4017 1259 4083 corrigit
1277 4019 1373 4070 dicum
1387 4030 1436 4067 rru-

289 4084 396 4143 turam‚·
421 4083 501 4149 vulgo
520 4084 656 4150 dicuutur,
674 4087 752 4147 ruut;
780 4086 808 4135 et
825 4099 909 4151 neque
926 4092 991 4138 suut
1008 4102 1039 4140 ex
1057 4100 1128 4140 more
1146 4083 1279 4150 scriptoris
1296 4085 1339 4138 hic
1356 4086 1437 4147 extol,

290 4151 317 4199 et
334 4146 361 4199 in
378 4146 397 4198 F
415 4164 465 4202 non
486 4152 504 4215 s:
526 4152 605 4218 (sunt)
632 4155 752 4220 apparet,
778 4151 824 4205 sed
847 4153 982 4207 dicuutur.
1000 4155 1056 4220 δας
1082 4151 1191 4222 praetuli
1214 4150 1292 4218 igitur
1310 4151 1438 4205 Vernanii

290 4213 496 4269 emendationem
514 4218 609 4271 dieunt
624 4235 711 4272 urum.
