3060 5048
264 311 323 369 116
597 311 711 367 ursus
728 311 918 368 susumus
955 315 1067 380 sr-o.
1149 376 1152 384 ,

260 503 324 549 non
346 467 515 568 posse'me
537 482 645 552 dicere
661 484 770 570 pirum
793 505 864 552 esse
887 506 927 552 ex
949 505 1049 572 ramo,
1071 502 1195 552 ramum
1218 504 1260 549 ex
1281 484 1407 568 arbore,

262 605 334 652 eam
356 606 398 652 ex
420 584 581 652 radicibus
604 606 684 669 quos
705 609 769 655 non
790 587 896 655 video.
940 587 1047 667 Quare
1069 586 1124 670 qui
1146 586 1288 654 ostendit
1309 586 1405 670 Equi-

260 693 362 756 tatum
390 706 462 755 esse
489 688 532 753 ab
564 689 740 774 equitibus,
773 690 906 775 Equites
936 686 989 776 [ab
1018 690 1141 772 equite,
1174 685 1332 775 Equitem]
1363 688 1405 754 ab

261 809 344 872 equo
367 809 471 874 neque
493 790 603 872 Equus
624 788 711 858 unde
734 791 776 857 sit
797 792 892 878 dicit,
926 799 1033 859 tamen
1060 790 1113 857 hio
1135 791 1230 858 docet
1258 793 1352 876 plura
1374 798 1406 858 et

261 891 418 959 satisfacit
452 898 559 977 grato,
601 911 696 975 quem
732 893 850 961 imitari
887 895 1085 979 possimusne
1122 892 1191 979 ipse
1227 893 1310 960 liber
1346 893 1441 960 erite

259 993 388 1061 indicio.

175 1102 194 1176 ς
216 1101 235 1160 5
342 1099 372 1163 2.
395 1096 509 1163 Dicam
531 1096 565 1162 in
587 1097 648 1164 hoe
668 1096 750 1164 libro
770 1097 811 1166 de
825 1095 933 1164 verbis
948 1116 1031 1180 quae
1046 1118 1067 1162 a
1080 1096 1185 1181 poetis
1200 1105 1274 1164 sunt
1288 1096 1405 1183 posita,

259 1199 397 1284 primum
418 1197 460 1265 de
481 1197 577 1281 loeis,
599 1197 675 1266 dein
696 1218 779 1281 quae
800 1199 833 1266 in
854 1199 934 1267 locis
956 1205 1044 1282 sunt,
1074 1198 1167 1266 tertio
1190 1199 1232 1266 de
1254 1200 1404 1284 tempori-

107 1303 329 1386 ‹nesus-obus,
350 1307 418 1367 tum
441 1320 523 1384 quae
546 1321 617 1368 oum
639 1301 836 1386 temporibus
858 1306 930 1367 sunt
953 1301 1129 1386 coniuncta,
1150 1303 1206 1368 sed
1228 1303 1256 1368 is
1272 1307 1306 1368 ut
1321 1322 1404 1385 quae

260 1424 331 1471 cum
353 1403 404 1470 his
426 1402 489 1471 sint
511 1402 689 1484 coniuncta,
711 1402 900 1489 adiungam,
928 1404 1010 1471 etsi
1033 1403 1110 1486 quid
1132 1403 1260 1471 excedit
1282 1425 1323 1470 ex
1345 1405 1407 1470 hac
1427 1416 1458 1479 to

261 1505 554 1592 quadripertitioue,
577 1511 684 1571 tamen
705 1505 739 1572 iu
761 1525 801 1572 ea
822 1511 858 1572 ut
879 1505 1158 1593 eomprehendam.

176 1610 237 1685 §6
343 1607 498 1694 Incipiam
518 1607 608 1673 hine:

412 1709 522 1777 Unus
544 1709 624 1778 erit
646 1728 760 1791 quem
782 1715 823 1777 tu
844 1711 972 1778 tolles
992 1709 1032 1777 iu
1054 1710 1224 1776 caerula
1245 1710 1354 1777 caeli

410 1812 584 1897 Templa.

257 1913 427 2000 Templum
447 1913 549 1981 tribus
570 1910 674 1980 modis
696 1913 812 1979 dicitur
833 1915 875 1980 ab
898 1918 1028 1997 natura,
1061 1915 1103 1980 ab
1135 1913 1350 2001 auspicando,
1383 1934 1405 1978 a
1426 1927 1455 1977 15

257 2016 480 2099 similitudine3
513 2020 628 2082 natura
648 2015 682 2080 in
704 2018 812 2100 caelo,
834 2015 877 2082 ab
899 2015 1051 2101 auspiciis
1072 2017 1106 2081 iu
1128 2022 1227 2098 terra,
1250 2038 1271 2082 a
1292 2016 1404 2082 simili-

256 2117 365 2186 tudine
387 2120 447 2187 sub
469 2125 563 2185 terra.
608 2118 646 2184 Iu
668 2119 758 2185 caelo
781 2119 934 2203 templum
956 2117 1073 2184 dicitur
1094 2125 1129 2183 ut
1150 2119 1184 2185 in
1206 2119 1330 2186 Eoube:

105 2234 249 2288 ‹ubter-¹)
384 2222 580 2304 Omagna
602 2219 754 2305 templa
775 2220 989 2303 caelitum,
1023 2221 1239 2287 commixta
1259 2221 1405 2287 stellis

490 2323 494 2330 “
1113 2322 1360 2409 splendidis.

256 2425 402 2492 interra
423 2423 513 2491 utin
534 2423 706 2492 Periboea:
1424 2437 1454 2488 ro

300 2546 475 2613 scrupea
495 2546 609 2612 saxa,
631 2525 782 2592 Bacchi
803 2528 972 2613 templa,
1003 2547 1128 2613 prope
1149 2527 1403 2612 aggreditur.

345 2785 356 2833 1
375 2793 457 2849 posse
481 2784 535 2845 me]
564 2779 668 2850 possim
692 2794 737 2834 me
762 2796 794 2849 p,
820 2795 929 2848 possem
954 2779 1040 2848 vulg.
1072 2773 1144 2850 ‘fort
1166 2784 1232 2851 pote
1253 2777 1310 2836 me‘
1331 2779 1403 2850 LSp,

256 2879 368 2934 possum
384 2864 447 2933 LSp
466 2865 546 2932 olba,
568 2864 672 2933 possim
689 2864 718 2919 O.
737 2863 770 2917 F.
789 2863 834 2917 W.
851 2864 976 2918 Mulier
993 2880 1020 2933 p.
1040 2868 1098 2918 871.
1125 2895 1159 2904 -
1187 2870 1202 2920 2
1220 2866 1338 2934 Quarem
1355 2872 1404 2919 cat

257 2948 348 3016 Quare
365 2964 426 3002 cum
443 2948 633 3020 interropaadi
649 2949 728 3020 cipro
741 2949 765 3003 F
777 2949 868 3014 (Keil).
885 2980 919 2988 —
937 2949 1002 3004 3ab
1018 2949 1110 3018 equite
1127 2951 1253 3018 equitem]
1265 2950 1317 3005 dcl.
1329 2951 1401 3020 usp.

256 3034 291 3088 ab
304 3034 406 3103 equite,
422 3033 515 3104 equito
527 3033 756 3104 Augustinus.
775 3064 808 3074 -
826 3033 936 3089 ldocet
946 3038 975 3088 et
984 3033 1067 3104 plura
1078 3033 1142 3089 GH.
1162 3066 1196 3074 —
1214 3037 1350 3091 bimitare
1362 3036 1401 3089 M.

255 3118 391 3188 possimus
408 3134 444 3174 ne
461 3118 494 3186 F,
510 3119 646 3188 possimus
664 3122 697 3174 ut
712 3120 745 3188 B,
771 3135 917 3190 possumus
934 3121 966 3173 ut
982 3117 1068 3185 vulg.
1086 3148 1121 3157 -
1140 3125 1154 3174 t
1172 3120 1203 3174 in
1220 3123 1282 3187 hoc]
1300 3122 1330 3175 in
1347 3120 1402 3175 isto

255 3204 295 3273 M,
312 3205 457 3272 Laetus,
476 3204 530 3260 isto
547 3205 635 3273 vulg.
654 3222 692 3260 ex
707 3206 741 3259 B.
768 3235 802 3243 -—
829 3208 844 3257 8
862 3204 934 3267 dein]
952 3203 1011 3268 Fa,
1037 3203 1136 3258 deinde
1154 3207 1280 3275 ceteri,
1307 3207 1342 3261 de
1358 3206 1403 3260 his

256 3290 289 3358 B,
306 3289 405 3344 deiude
422 3291 457 3344 de
473 3289 517 3344 lris
533 3289 573 3356 M,
591 3289 734 3354 Laetus,
751 3289 851 3344 deinde
869 3287 903 3342 de
920 3287 955 3341 iis
972 3288 1060 3356 vulg.
1081 3282 1176 3357 ‘idque
1193 3291 1280 3345 latere
1296 3291 1404 3344 videtur

254 3376 284 3429 in
303 3375 346 3430 dis
358 3374 433 3446 quod
450 3374 514 3430 libri
529 3374 608 3445 infra
624 3367 770 3445 macbmt’
781 3373 852 3442 usp.
871 3402 906 3412 -
923 3377 939 3427 9
951 3373 986 3427 de
998 3373 1165 3441 temporibus
1178 3379 1242 3430 sunt
1254 3377 1404 3431 coniuncta

257 3461 364 3515 umbos
389 3459 480 3514 verbis
505 3459 602 3514 mediis
617 3459 657 3513 Μ.
683 3489 716 3498 -
743 3461 809 3512 sunt
834 3457 982 3513 coniuncta
1006 3457 1154 3550 adiungam
1180 3460 1288 3513 omissis
1313 3463 1404 3516 verbis

255 3580 350 3635 mediat
366 3579 426 3649 Hp.
445 3610 479 3620 -
496 3579 546 3634 scd
561 3579 596 3643 is]
613 3577 722 3648 scripsi,
739 3576 769 3630 di
786 3592 799 3631 s
818 3576 851 3645 F,
869 3576 966 3642 .di·t·
979 3575 1013 3643 V,
1031 3552 1074 3631 dis
1092 3593 1118 3644 a,
1137 3594 1190 3632 om.
1210 3579 1335 3647 ceteri,
1353 3581 1403 3634 sed

254 3664 295 3720 ite
310 3665 445 3720 Miller.
462 3665 498 3719 de
514 3663 549 3718 iis
566 3665 650 3732 utque
666 3660 788 3717 Reiter
804 3679 832 3733 p.
845 3666 902 3717 120.
920 3694 953 3703 —
970 3667 1049 3732 quae]
1062 3663 1121 3730 Ga,
1139 3679 1192 3733 que
1210 3664 1242 3717 F.
1262 3695 1295 3703 -
1314 3665 1401 3719 lblris

255 3753 320 3804 suut
344 3749 384 3818 Μ,
417 3749 557 3806 Laetus.
592 3778 627 3788 -
660 3748 764 3803 excidit
784 3746 818 3815 F,
853 3763 923 3802 corr.
950 3748 1145 3817 Scioppius.
1180 3754 1297 3804 ceterum
1324 3752 1401 3820 cons.

254 3836 385 3891 Lechm.
403 3836 440 3890 ad
456 3836 539 3890 Lucu.
557 3833 604 3901 Vl,
623 3836 682 3887 954.
702 3863 734 3871 —
754 3836 783 3887 11
803 3837 846 3895 eal
864 3849 924 3887 eam
941 3833 1085 3902 Laetus,
1101 3834 1135 3887 B.
1153 3864 1187 3874 -
1207 3839 1239 3889 13
1257 3835 1351 3890 cerula
1368 3836 1401 3903 E,
1432 3877 1436 3884 .

189 3932 191 3937 “
255 3919 354 3975 cellule
372 3920 405 3989 G,
423 3919 530 3975 coelula
546 3918 581 3973 H.
599 3949 632 3957 —
657 3922 688 3973 15
706 3916 808 3971 dicitur
824 3921 925 3972 natura
941 3919 1067 3988 auspicio
1084 3918 1262 3974 similitudine
1280 3920 1401 3991 Sciop-

254 4005 341 4075 pius.
370 4037 403 4045 -
429 4004 608 4074 auspicando]
626 4002 688 4072 Vp,
706 4003 829 4070 Groth,
856 4002 1025 4073 auspicendo
1042 4003 1106 4072 Fa,
1132 4004 1258 4073 auspicio
1282 4005 1402 4070 Aldus,

255 4090 433 4159 adspiciendo
449 4091 489 4159 ll,
506 4089 645 4144 Laetus.
676 4081 758 4156 ‘sort
776 4082 921 4157 auspiciis'
939 4089 1011 4158 LSp.
1029 4118 1064 4128 -
1089 4092 1119 4142 16
1133 4086 1213 4158 ‘fort
1231 4089 1268 4143 ab
1285 4082 1401 4144 natura'

247 4172 326 4245 LSp.
353 4205 387 4215 -
416 4179 445 4230 ll
464 4175 562 4239 eeuba]
588 4174 629 4227 sio
654 4171 686 4226 F.
712 4202 746 4211 -
773 4175 804 4226 18
823 4172 956 4241 celitum
974 4173 1011 4241 F,
1043 4189 1115 4227 corr.
1141 4173 1341 4243 Scioppius.
1367 4206 1402 4214 —

255 4279 289 4332 20
304 4275 386 4331 terris
410 4275 478 4332 un.
504 4305 540 4316 -
565 4279 597 4329 21
615 4251 687 4329 sax⁰a
702 4273 735 4343 E,
760 4273 811 4328 scd
825 4273 901 4328 solas
916 4273 943 4328 V
959 4290 996 4328 m.
1011 4289 1067 4328 rec.
1083 4289 1154 4329 corr.
1173 4290 1259 4329 saxee
1276 4277 1402 4347 praebet,
