3038 5048
223 309 285 370 226
336 313 340 318 ’
576 306 689 364 LIBER
705 304 837 363 NONUS.
873 307 1017 374 §ss-90.

68 481 318 552 (unusnehuius
340 479 444 562 mille,
467 478 514 545 sic
535 477 596 546 hoc
617 477 762 561 deciens,
784 475 878 543 huius
900 476 1046 562 deciens,
1075 496 1185 560 neque
1210 496 1252 545 eo
1275 477 1385 546 minus

222 583 256 651 in
284 582 402 664 altero,
440 579 526 662 quod
558 586 606 647 est
641 580 743 664 mille,
779 598 1011 664 praeponemus
1046 576 1081 646 hi
1114 579 1224 662 mille,
1264 578 1384 647 horum

222 686 318 753 mille.
341 733 379 750 ..

116 791 198 871 §89
308 789 357 850 50.
396 781 552 862 Quoniam
580 784 614 850 in
640 804 678 851 eo
708 789 757 850 est
783 802 899 850 nomen
921 803 1103 865 commune,
1134 801 1237 865 quam
1260 789 1381 851 vocant

222 882 424 970 ὁμωνυμίαν,
448 884 570 967 obliqui
585 904 678 951 casus
696 883 739 951 ab
758 882 872 951 eodem
887 884 1002 969 capite,
1024 883 1080 952 ubi
1101 883 1162 950 erit
1184 877 1381 968 ὁμωνυμία,
1399 898 1412 948 5

222 985 355 1075 [obliqui
377 982 479 1073 casus]
502 986 692 1069 quominus
715 985 884 1053 dissimiles
907 983 997 1069 fiant,
1026 985 1176 1068 analogia
1208 1006 1276 1053 non
1307 1007 1379 1072 pro-

221 1091 319 1157 hibet.
375 1088 484 1172 itaque
513 1088 648 1155 dicimus
676 1088 728 1154 hio
756 1088 876 1172 Argus,
920 1108 992 1154 oum
1027 1087 1189 1155 hominem
1224 1087 1378 1172 dicimus,

222 1213 292 1260 cum
320 1191 490 1277 oppidum,
530 1211 644 1275 graece
672 1189 733 1258 hoo
759 1189 880 1274 Argos,
919 1210 990 1257 oum
1017 1190 1117 1256 latine
1144 1189 1236 1272 Argi.
1296 1191 1379 1259 Item

221 1294 390 1376 faciemus,
421 1293 448 1359 si
470 1293 583 1360 eadem
605 1314 669 1359 vox
692 1311 806 1358 nomen
829 1296 862 1358 et
883 1292 1014 1358 verbum
1036 1289 1248 1375 significabit,
1286 1297 1326 1360 ut
1348 1298 1379 1360 et

71 1395 256 1469 (nasucio
278 1415 369 1463 casus
392 1402 423 1461 et
446 1395 477 1460 in
501 1399 645 1478 tempora
667 1391 861 1477 dispariliter
882 1393 1073 1475 declinetur,
1101 1398 1136 1458 ut
1164 1391 1331 1462 faciamus
1359 1415 1380 1462 a
1399 1409 1423 1460 lo

221 1498 306 1565 Meto
335 1497 421 1581 quod
449 1516 563 1562 nomen
592 1502 640 1561 est
668 1493 805 1562 Metonis
833 1495 1008 1576 Metonem,
1043 1492 1129 1576 quod
1157 1494 1299 1562 verbum
1331 1502 1380 1562 est

222 1601 340 1667 Metam
363 1598 531 1664 Metebam.

117 1706 136 1789 ἕ
159 1709 199 1772 90
309 1705 357 1765 51.
387 1696 644 1784 Reprehendunt,
667 1717 738 1764 cum
760 1698 802 1764 ab
825 1697 940 1765 eadem
962 1716 1041 1764 voce
1063 1697 1155 1782 plura
1176 1701 1254 1763 sunt
1276 1717 1376 1766 voca

222 1804 299 1870 bula
327 1800 503 1885 declinata,
537 1819 616 1882 quas
645 1804 852 1882 συνωνυμίαις
882 1798 1063 1884 appellant,
1096 1805 1131 1866 ut
1159 1794 1310 1885 [Sappho
1334 1798 1377 1887 et]

220 1903 359 1970 Moesus
382 1908 414 1966 et
435 1901 556 1968 Alcaeo
563 1951 571 1984 ,
595 1900 642 1968 sio
664 1902 808 1986 Geryon,
832 1901 1010 1985 Geryonus,
1033 1901 1206 1986 Geryones.
1253 1902 1289 1970 in
1311 1903 1376 1970 hoc
1397 1918 1423 1968 15

220 2025 336 2089 genere
350 2003 438 2087 quod
452 2024 544 2071 casus
559 2023 727 2089 perperam
746 2008 928 2090 permutant
950 2002 1092 2088 qnidam,
1113 2023 1176 2071 non
1196 2003 1377 2089 reprehen-

221 2105 300 2174 dunt
321 2106 520 2191 analogiam,
549 2105 608 2174 sed
630 2107 685 2189 qui
706 2106 752 2175 eis
774 2112 902 2173 utuntur
927 2105 1089 2191 imperite,
1124 2104 1209 2188 quod
1233 2104 1377 2189 quisque

68 2216 322 2294 pausuocaput
341 2209 513 2294 prenderit,
534 2208 626 2290 sequi
648 2208 745 2275 debet
767 2208 833 2274 eius
855 2207 1078 2289 consequentis
1100 2226 1192 2275 casus
1213 2207 1250 2272 in
1272 2205 1375 2275 decli·

221 2311 328 2383 nando
360 2330 399 2379 ac
427 2331 490 2377 non
519 2311 639 2392 iacere,
678 2330 749 2376 oum
779 2308 896 2375 dixerit
924 2319 1011 2376 recto
1043 2329 1119 2376 casu
1147 2309 1307 2391 Alcaeus,
1340 2310 1377 2375 in

221 2413 360 2495 obliquis
389 2412 495 2480 dicere
520 2412 674 2478 Aloaeoni
697 2418 728 2478 et
748 2411 959 2495 Aloaeonem;
993 2409 1129 2493 quodsi
1152 2410 1319 2477 miscuerit
1342 2417 1376 2478 et
1398 2427 1426 2479 uo

221 2535 285 2580 non
309 2522 438 2580 secutus
460 2514 520 2580 erit
541 2513 717 2597 analogias,
740 2512 1046 2597 reprehendendum.

307 2735 319 2785 1
338 2735 435 2800 neque]
453 2746 505 2786 nec
523 2730 660 2786 Laetus.
679 2760 713 2770 —
731 2734 747 2785 2
758 2735 827 2803 post
843 2732 917 2787 mille
935 2731 1061 2786 lumnam
1079 2730 1210 2785 indicavit
1228 2728 1374 2787 Miller.

215 2809 286 2886 ‘fuit
309 2817 442 2870 transitus
464 2833 483 2870 a
503 2813 642 2870 vocabulis
665 2814 702 2868 ud
724 2817 841 2870 uomina.
865 2816 935 2884 fort.
956 2817 1045 2871 minus
1068 2816 1140 2885 quod
1162 2815 1192 2870 in
1215 2814 1304 2872 altero
1328 2822 1376 2874 ost

218 2900 308 2967 mille,
335 2917 535 2970 praeponemus
558 2905 590 2956 ut
611 2900 641 2954 hi
664 2899 750 2968 mille,
777 2902 874 2956 horum
896 2900 983 2969 mille,
1006 2901 1046 2956 sic
1068 2899 1098 2954 hi
1119 2900 1242 2969 deoions,
1269 2903 1373 2958 horum

219 2985 349 3040 deciens.
363 2983 378 3037 .‘
392 2985 463 3052 LSp.
482 3014 515 3023 -
533 2989 676 3040 Acomune
692 2986 726 3040 F.
744 3015 777 3024 -
796 2985 995 3056 eomonimyan
1011 2987 1043 3041 F.
1062 3015 1096 3024 -
1114 2985 1266 3056 omonimya
1282 2986 1316 3041 F.
1336 3019 1374 3029 -

219 3072 234 3122 6
253 3068 356 3136 ohhqui
374 3073 464 3130 casus]
483 3085 534 3122 om.
552 3069 638 3138 vulg.
655 3069 724 3138 fort.
742 3069 839 3140 priore
856 3070 916 3124 loco
933 3069 983 3123 dal.
1008 3100 1040 3109 -
1069 3074 1084 3124 8
1104 3069 1259 3141 oppidum.
1280 3111 1287 3124 .
1307 3087 1373 3128 eum

219 3169 270 3208 om.
289 3167 315 3206 a.
333 3182 366 3190 -
385 3156 491 3220 graece]
509 3152 581 3224 LSp,
599 3167 769 3222 grecancqne
785 3154 818 3220 F,
835 3169 1005 3222 grecancene
1022 3154 1092 3222 HV,
1109 3170 1235 3223 graecam
1252 3169 1322 3212 eene
1340 3175 1372 3228 p,

218 3251 345 3306 graecam
363 3250 430 3306 oque
448 3238 480 3304 G,
499 3253 701 3304 graecaneaene
719 3237 753 3305 H,
771 3239 932 3305 graecanice
948 3237 1041 3294 Pius.
1060 3269 1094 3279 -
1111 3255 1173 3293 curn
1185 3242 1259 3306 (ante
1270 3240 1371 3309 latine)

219 3340 270 3378 om.
289 3322 377 3391 vulg.
395 3351 427 3359 —
446 3320 521 3390 argei
538 3321 572 3376 H.
591 3321 637 3376 hei
654 3322 729 3392 argei
745 3322 833 3391 vulg.
860 3353 894 3362 -
920 3327 936 3376 9
954 3339 1054 3379 nomen
1071 3328 1107 3389 et]
1125 3324 1224 3392 Pius,
1244 3326 1372 3382 nominet

217 3409 250 3464 F.
269 3438 302 3446 -
321 3406 486 3476 significauit
501 3405 534 3472 F,
552 3423 623 3460 coru.
641 3408 733 3462 Pius.
752 3438 786 3446 —
805 3411 836 3463 10
847 3401 926 3477 ‘fort
939 3409 1067 3464 facimus'
1080 3409 1151 3478 LSp.
1169 3439 1202 3448 -
1224 3411 1253 3463 13
1267 3425 1370 3466 eum..

219 3498 292 3557 sunt]
310 3487 388 3562 ‘sort
406 3491 478 3560 quod
491 3532 497 3546 .
511 3531 517 3544 .
532 3490 601 3547 sint’
620 3492 689 3562 LSp.
709 3523 742 3531 -
762 3496 793 3547 11
811 3493 982 3564 synonimyas
1000 3494 1033 3548 F.
1051 3525 1085 3533 -
1103 3494 1189 3564 sapho
1207 3493 1241 3547 F.
1259 3496 1370 3564 sappho

218 3582 247 3634 et
268 3578 318 3632 dcl.
343 3576 577 3645 Augustinus,
605 3577 715 3647 Sappho
739 3583 767 3633 et
790 3578 919 3650 Psappha
941 3579 1076 3634 Miller.
1105 3609 1136 3618 -
1165 3583 1197 3632 15
1221 3578 1315 3633 alceus
1339 3585 1371 3635 et

218 3664 295 3719 alceo
313 3663 350 3730 F,
377 3665 498 3717 Actaeus
515 3665 545 3716 et
560 3662 685 3717 Actaeon
706 3662 866 3719 Meinehe
882 3663 991 3720 Vindio.
1016 3664 1142 3720 Strabon.
1168 3680 1194 3732 p.
1215 3666 1264 3718 133
1282 3672 1311 3718 et
1326 3665 1370 3720 sio

218 3747 297 3818 infra
315 3749 455 3802 Actaeus.
470 3746 624 3802 .Actaeoni
641 3752 670 3803 et
686 3749 861 3804 Actaeonem.
876 3743 956 3819 ‘fort
975 3742 1110 3804 Aloaeon'
1128 3748 1200 3819 IrSp.
1219 3779 1253 3789 -
1269 3748 1369 3816 gerion

217 3832 345 3901 gerionus
363 3831 486 3902 geriones
504 3833 537 3900 F,
554 3832 671 3887 medium
689 3850 746 3888 coc.
760 3834 918 3904 Geryonens
936 3835 1033 3907 scripse.
1051 3832 1181 3889 Muller.
1201 3864 1233 3872 -
1253 3837 1284 3888 17
1298 3849 1367 3890 aua·

217 3916 308 3986 logiam
321 3917 381 3987 Hp,
395 3910 475 3987 ‘fort
489 3913 640 3985 analogias‘
653 3917 725 3987 LSp.
744 3948 777 3956 —
794 3918 845 3974 ieis
856 3920 927 3989 LSp.
946 3951 978 3960 -
998 3923 1029 3974 18
1041 3917 1182 3989 prenderit
1192 3918 1284 3988 FMp,
1301 3934 1366 3988 pre-

216 4001 344 4057 henderit
360 4001 436 4071 alii,
455 4001 623 4073 prehenderit
639 4001 675 4070 H,
691 4004 860 4071 pertenderit
870 4004 1011 4060 Veneta.
1029 4033 1064 4043 -
1081 4002 1280 4073 consequentis]
1292 4002 1366 4073 LSp,

218 4086 395 4155 consequenti
412 4087 444 4142 F.
463 4117 496 4128 -
515 4092 547 4142 19
559 4089 652 4142 alceus
669 4087 702 4140 F.
720 4116 753 4127 -
772 4083 917 4145 20‘dieere
931 4090 1002 4160 fort.
1015 4082 1075 4143 utel?
1086 4089 1162 4157 LSp3
1180 4093 1230 4143 aut
1245 4085 1299 4142 boo
1316 4092 1368 4142 aut

217 4167 309 4224 facere
321 4169 371 4224 del.
386 4171 459 4226 iubet
467 4172 597 4227 Mhller.
609 4202 643 4212 -
655 4172 761 4227 elaeoni
773 4178 801 4230 et
812 4174 950 4230 elaeonem
962 4174 994 4229 F.
1007 4202 1041 4212 -·
1052 4172 1366 4236 miscuerit1instituer1t

215 4252 364 4319 Laetus,
380 4256 511 4312 institerit
527 4256 620 4315 Rhol.
639 4287 673 4298 —
691 4260 719 4315 et
735 4257 787 4313 det.
804 4258 1023 4330 Augustinus.
1050 4285 1084 4295 -
1110 4257 1142 4310 21
1160 4257 1364 4326 reprehenden-
