3038 5048
660 295 697 349 De
714 295 802 349 codice
819 295 847 350 F.
1292 311 1336 352 v11

186 472 318 530 exhibent.
331 471 353 546 1)
375 472 439 528 item
451 471 551 546 potet)
567 472 596 536 V,
614 473 651 529 21
666 478 922 548 palermitano,
948 471 1021 527 uude
1041 471 1107 528 haec
1128 489 1160 528 ex
1181 472 1249 529 libro
1273 491 1333 530 ma-

184 556 286 615 ioribus
312 557 396 613 literis
424 566 531 613 exarato
557 566 660 613 servata
681 573 740 614 esse
761 557 898 613 docemur.
936 557 1025 612 dativo
1048 564 1075 613 et
1095 556 1208 614 ablativo
1231 558 1333 633 primae

185 651 212 700 et
232 642 366 700 secundae
388 641 570 698 declinationis
598 641 709 715 pluralis
736 643 840 698 numeri
867 642 1002 697 Antonius
1025 642 1191 716 Augustinus
1219 641 1333 700 lormam

185 729 225 784 eis
248 726 371 790 reddidit,
398 736 429 782 ut
449 725 509 782 heis
529 726 648 789 uerheis,
677 727 741 783 item
762 728 855 784 tertiae
878 725 1060 783 declinationis
1083 727 1197 792 casibus,
1220 737 1252 784 ut
1275 745 1332 783 orn·

184 813 255 877 nois,
279 812 456 876 medioereis,
484 827 564 886 quem
585 828 688 867 morem
710 811 844 868 Ciceronis
865 820 952 868 aetate
973 812 1001 866 in
1023 811 1134 884 epistola
1155 813 1187 868 ad
1208 813 1333 870 Latinum

184 897 317 953 Latinium
338 896 473 969 vulgarent
494 895 576 953 luisse
598 905 698 959 censet,
721 896 835 952 addens:
858 895 912 952 hac
934 897 1046 953 ratione
1067 897 1209 953 scribendi
1227 898 1332 971 pleris-

186 997 239 1054 pae
260 983 291 1037 in
312 981 381 1038 locis
408 979 519 1038 Verrius
541 981 662 1038 Flaccos
683 983 714 1037 in
735 981 832 1037 Fastis
860 989 900 1038 est
926 997 1008 1046 osas,
1043 997 1122 1053 queat
1148 998 1199 1038 nos
1228 983 1333 1039 imitati

185 1083 281 1122 sumas
302 1067 333 1123 ia
356 1067 476 1122 editione
503 1064 636 1123 Varronis
658 1067 726 1123 libri
748 1068 781 1122 de
804 1067 902 1138 lingua
924 1067 1034 1136 latina,
1067 1067 1209 1138 secutique
1235 1084 1330 1124 sumas

184 1153 215 1208 in
233 1152 376 1225 plerisque
398 1151 467 1207 locis
489 1153 644 1225 cuempiam
666 1151 732 1208 libri
751 1152 853 1208 ueteris
876 1147 993 1207 Achillis
1008 1151 1155 1224 Mophaei.
1199 1153 1250 1209 lste
1273 1153 1331 1210 hla-

184 1236 261 1309 phaei
274 1245 351 1292 vetus
366 1234 432 1291 liber
447 1235 532 1310 qualis
546 1235 636 1300 luerit,
659 1235 759 1300 nescio,
783 1236 830 1292 sed
852 1236 926 1309 quod
947 1236 1013 1292 dicit
1034 1237 1065 1292 ia
1084 1238 1228 1310 plerisque
1251 1239 1329 1304 locis,

184 1321 257 1377 omni
271 1321 343 1378 earet
356 1319 458 1394 fide³);
482 1337 532 1376 nec
552 1329 640 1378 tamen
661 1321 719 1377 sine
741 1337 820 1378 cansa
840 1320 907 1377 illud
921 1321 1087 1394 Augustinus
1109 1321 1180 1387 lecit,
1205 1331 1232 1378 et
1247 1322 1330 1379 Varro

182 1405 289 1479 longius
316 1422 478 1480 progressus
506 1414 560 1471 est;
595 1407 653 1479 ipse
680 1406 749 1462 enim
777 1405 967 1462 nominativum
994 1405 1169 1463 multitudinis
1198 1408 1331 1464 secundae

182 1490 365 1547 declinationis
386 1491 413 1546 in
429 1491 449 1546 E
465 1490 516 1547 etl
538 1490 610 1546 finiri
624 1491 667 1556 IX,
685 1493 723 1549 80
740 1491 829 1553 tradit,
852 1499 879 1546 et
899 1492 927 1546 in
947 1490 965 1546 p
987 1491 1070 1546 multa
1093 1491 1150 1547 eius
1171 1491 1209 1547 rei
1231 1510 1330 1566 super-

182 1585 246 1632 sunt
266 1575 389 1649 vestigia,
412 1583 444 1631 ut
464 1575 495 1641 X,
522 1579 560 1634 50
584 1574 712 1641 Boehiei,
739 1575 882 1646 Boehieis,
908 1575 960 1639 Vll,
985 1578 1026 1632 44
1047 1575 1174 1648 scirpeis,
1197 1576 1263 1640 Vlll,
1288 1580 1327 1636 36

186 1661 347 1725 Terentieis,
380 1660 423 1723 lX,
441 1662 480 1718 28
496 1659 631 1726 hinnulei,
665 1660 707 1726 IX,
725 1663 763 1720 35
789 1659 861 1735 cett)
886 1669 914 1716 et
935 1660 1049 1733 saepius,
1072 1660 1249 1717 nominativus
1271 1663 1330 1717 sin-

182 1745 282 1819 gularis
304 1746 384 1801 etiam
404 1745 435 1809 X,
464 1748 500 1803 10
524 1746 612 1802 eidem
634 1746 749 1820 scriptus
772 1753 827 1809 est,
863 1745 971 1819 dequo
994 1745 1047 1801 vid.
1071 1745 1191 1818 exempla
1219 1747 1246 1801 in
1273 1747 1328 1803 ind.

181 1830 264 1886 lnscr.
286 1830 306 1894 1,
332 1832 403 1888 582.
448 1830 642 1903 lproductum
669 1830 835 1904 diphthongo
858 1830 889 1886 El
912 1830 1043 1904 scriptum
1063 1829 1177 1886 Varroni
1198 1849 1256 1887 esse
1278 1832 1331 1888 do-

182 1924 225 1973 cet
250 1915 314 1979 Vlll,
343 1918 381 1973 50
405 1923 564 1989 corruptum
584 1915 651 1972 illud
670 1917 742 1988 insci
762 1917 829 1971 inei.
852 1916 903 1970 teis
932 1915 1005 1988 quod
1030 1915 1195 1989 Pomponius
1216 1917 1331 1989 pessime

181 1999 209 2055 in
230 2000 274 2055 ltis
298 2000 387 2055 trihus
410 2000 529 2065 mutavit,
553 2017 604 2055 nos
625 1999 795 2070 inseineiteis
817 1999 900 2057 latere
916 2000 1037 2056 vidimus.
1060 2000 1123 2056 hinc
1144 2000 1221 2057 lacile
1244 2002 1329 2074 quivis

182 2084 264 2141 semel
286 2085 405 2140 monitus
425 2085 504 2159 plura
525 2084 658 2157 refingere
679 2093 776 2158 potest,
800 2103 825 2140 v.
848 2102 872 2140 o.
895 2085 926 2148 X,
952 2087 988 2142 15
1011 2084 1183 2140 uoluntatem
1206 2087 1329 2158 appello,

183 2186 246 2225 carn
268 2184 340 2224 anns
362 2169 453 2241 guinis
474 2186 494 2224 a
515 2170 627 2226 nomine
650 2170 707 2225 olio
732 2169 850 2242 imponit
877 2185 991 2233 nornen,
1021 2175 1052 2224 at
1074 2169 1207 2226 Romulus
1232 2171 1328 2236 Romo,

182 2253 230 2310 uhi
251 2252 336 2309 Aldus
356 2253 458 2327 primns
482 2255 540 2311 alio
562 2255 698 2328 reposuit,
732 2254 751 2309 F
775 2255 833 2339 alig
858 2294 865 2308 .
889 2298 896 2312 .
918 2269 1027 2317 romae,
1062 2261 1092 2308 ut
1119 2254 1182 2309 satis
1204 2264 1330 2326 appareat

181 2347 319 2396 auctorem
334 2338 437 2395 dedisse
453 2340 521 2396 aliei
542 2341 659 2412 imponit
676 2381 682 2395 .
700 2381 705 2393 .
722 2339 836 2395 Romae.
858 2338 896 2394 sic
910 2338 953 2399 IX,
972 2340 1009 2396 65
1032 2353 1087 2392 non
1109 2339 1167 2392 utri
1189 2338 1216 2393 in
1233 2339 1259 2402 F,
1283 2339 1330 2395 sed

182 2432 266 2480 atre.
282 2423 338 2488 1.,
357 2423 384 2479 id
406 2433 447 2480 est
467 2425 549 2480 atrei.
573 2425 616 2489 IX,
635 2427 673 2483 96
697 2425 831 2495 tegerem,
854 2421 900 2478 uhi
922 2423 977 2494 legi
999 2421 1159 2495 requiritur,
1183 2432 1275 2478 nalum
1298 2441 1331 2479 cx

182 2509 253 2581 lagei
274 2525 341 2564 rent.
385 2509 440 2564 Nos
455 2508 482 2563 in
499 2509 617 2566 Varrone
631 2509 703 2566 huno
724 2508 856 2565 scribendi
877 2524 980 2563 morem
1001 2505 1155 2581 probantes,
1179 2506 1225 2563 ubi
1247 2508 1331 2564 codex

181 2594 279 2658 suasit,
313 2591 375 2648 talia
395 2593 559 2667 recepimus,
593 2594 777 2668 ubiquevero
800 2593 871 2649 laune
893 2609 973 2648 usum
995 2592 1166 2656 erratione,
1201 2610 1281 2667 quam
1302 2593 1330 2650 in

182 2677 291 2734 edendis
312 2676 352 2732 his
374 2676 449 2732 libris
471 2677 585 2751 professi
612 2696 720 2743 sumus,
754 2679 830 2752 sequi
858 2694 913 2733 non
940 2677 1023 2733 licuit.
1053 2685 1117 2733 sunt
1144 2677 1224 2751 plura
1251 2678 1330 2735 huius

182 2763 288 2836 generis
309 2770 404 2817 notatu
425 2761 496 2818 haud
517 2763 636 2836 indigna;
663 2763 808 2820 Varronem
829 2763 963 2827 senatuis,
988 2762 1138 2818 coercitais
1160 2772 1187 2819 et
1208 2763 1246 2819 sio
1269 2780 1331 2819 om-

183 2864 231 2904 nes
259 2846 337 2903 huius
364 2846 548 2904 declinationis
576 2849 714 2922 genetivos
746 2849 883 2923 scripsisse
913 2847 1027 2912 Gellius,
1061 2848 1194 2912 Donatus,
1228 2849 1331 2905 Nonius

182 2942 330 2998 testantur,
359 2932 480 3003 fraolais
503 2949 577 2989 nuuc
597 2932 696 3006 legitur
718 2934 751 2990 de
773 2950 802 2989 re
824 2951 847 2989 r.
870 2935 890 2997 l,
915 2935 943 2996 2,
971 2935 1017 2995 19,
1041 2932 1088 2988 sed
1108 2933 1218 3004 fractas
1241 2951 1330 2990 caasa
1437 2955 1441 2962 ·

182 3017 225 3081 lll,
254 3021 279 3081 1,
296 3019 326 3077 9.
350 3020 378 3081 4,
402 3018 431 3076 2.
456 3021 483 3083 5,
503 3020 537 3074 1..
554 3023 582 3082 7,
606 3019 635 3082 2,
665 3027 696 3074 ut
722 3019 802 3074 mirer
825 3017 1006 3090 Augustinnm
1031 3034 1127 3090 parum
1154 3016 1204 3073 sibi
1226 3019 1332 3075 consti-

182 3104 261 3166 tisse,
296 3103 343 3177 qui
363 3101 415 3158 hoc
436 3119 549 3175 prorsus
572 3101 734 3175 neglexerit,
769 3121 830 3159 cum
851 3103 928 3159 multi
950 3103 975 3158 id
997 3119 1082 3175 genus
1105 3103 1219 3174 genetivi
1242 3104 1268 3157 in
1289 3103 1332 3157 his

180 3186 255 3258 libris
273 3187 459 3266 inveniantur,
476 3197 514 3263 'ut
536 3186 566 3252 V,
574 3244 578 3261 -,
592 3189 641 3250 34,
669 3189 726 3246 134
741 3189 871 3266 piractus,
896 3189 932 3262 87
957 3195 1095 3260 senatus,
1119 3187 1329 3259 881eacrcitas,

186 3274 245 3329 162
269 3273 373 3336 domas,
399 3274 455 3332 181
482 3271 913 3337 commurmurantes,
942 3270 1011 3335 llll,
1036 3273 1086 3337 28,
1111 3275 1150 3329 30
1173 3288 1256 3340 osas,
1291 3272 1330 3328 84

183 3357 374 3426 magistratus,
395 3356 437 3421 lX,
455 3358 494 3415 80
517 3373 626 3412 manas.
670 3357 824 3431 Exemplum
843 3357 923 3413 huius
945 3354 1198 3430 genetiviSc'ahger
1218 3357 1246 3410 iu
1261 3371 1333 3410 ver-

184 3440 226 3496 his
249 3440 279 3504 V,
298 3441 356 3498 132
383 3442 573 3514 antiquissimi
599 3443 714 3497 amictui
738 3443 880 3513 ricinium,
902 3441 949 3497 uhi
974 3442 1037 3497 editi
1058 3442 1175 3497 amictas
1198 3439 1330 3504 exhibent,

148 3520 156 3530 '
184 3524 304 3581 scribens
326 3525 456 3580 amiotais
477 3526 609 3583 invenisse
630 3527 680 3583 sihi
701 3527 772 3582 visus
795 3536 843 3590 est,
870 3526 918 3582 sed
940 3527 1055 3581 amictui
1076 3524 1189 3581 Varroni
1211 3522 1331 3580 vocabu-

183 3610 240 3666 lum
262 3617 304 3666 est
325 3608 400 3682 quod
421 3626 476 3666 non
498 3611 660 3675 declinatur,
683 3611 755 3667 conl.
778 3612 890 3666 indutui
912 3611 942 3675 X,
968 3612 1018 3668 27.
1063 3610 1170 3666 Certum
1191 3608 1331 3681 vestigium

273 3843 296 3904 l)
314 3838 367 3894 vid.
384 3854 451 3908 qnae
469 3838 561 3894 dehoc
574 3841 682 3894 diximus
694 3841 787 3894 Philol.
800 3841 841 3904 Xl,
854 3844 912 3896 402.
930 3840 1020 3907 Pomp.
1034 3839 1066 3892 ad
1078 3838 1141 3890 lion.
1159 3855 1184 3905 p.
1197 3840 1246 3890 233
1260 3839 1330 3894 lind.

271 3910 297 3972 2)
314 3907 346 3959 de
363 3922 390 3960 re
408 3913 471 3960 rust.
488 3907 507 3974 l,
525 3913 566 3975 15,
585 3914 597 3963 1
617 3911 690 3976 qood
705 3912 753 3961 uhi
768 3911 799 3961 id
817 3914 890 3976 pote,
907 3909 935 3973 ll,
953 3911 1005 3973 2,6
1027 3923 1076 3959 noc
1097 3921 1152 3956 non
1170 3911 1254 3958 erutor
1267 3913 1331 3974 pote

184 3993 220 4027 ec
237 3980 314 4030 cralo.
613 4007 615 4010 >

271 4047 296 4109 3)
313 4059 346 4094 an
364 4048 419 4095 erat
436 4044 527 4096 similis
545 4042 692 4096 victoriano
710 4043 739 4110 B,
757 4059 789 4096 ex
807 4060 859 4111 quo
877 4042 1006 4096 Victorias
1024 4041 1080 4104 V,1
1101 4042 1175 4106 laicis,
1193 4041 1209 4108 ξ
1228 4045 1243 4094 2
1262 4044 1330 4093 dieis

185 4113 283 4173 librata
301 4111 318 4178 6
336 4115 352 4164 6
370 4114 428 4163 heic
445 4114 579 4178 antiquata
597 4111 645 4162 alia
666 4127 698 4164 ue
715 4113 823 4179 margini
841 4112 1002 4180 Gryphianae
1021 4109 1140 4162 editionis
1158 4109 1311 4177 adscripsit?

270 4181 295 4244 4)
313 4187 460 4247 corruptum
477 4180 504 4231 in
523 4180 565 4243 lei,
584 4129 669 4231 nami
687 4180 763 4247 longa
782 4180 866 4233 littera
885 4180 962 4231 etiam
979 4179 1007 4230 in
1023 4178 1071 4230 hac
1088 4178 1186 4230 minore
1204 4179 1329 4243 scriptura

185 4247 288 4313 saepius
305 4253 407 4300 servata
424 4250 529 4301 estnec
547 4246 640 4299 desunt
657 4248 851 4316 inscriptionum
870 4246 994 4315 exempla.
