3038 5048
434 321 548 377 LIBER
565 321 754 378 SEPTIMUS.
789 321 807 389 ὅ
825 325 934 377 20—23.
1197 320 1256 379 125

112 512 133 556 a
155 493 356 560 terrestribus
378 492 456 560 locis
471 492 544 560 aliis
560 492 802 579 cognominatae
816 490 1028 575 Libethrides,
1050 491 1256 578 Pimpleidos,

111 594 323 680 Thespiades,
345 594 537 662 Fliconides.

197 696 305 763 Cassi:
1278 699 1298 777 ξ
1320 699 1358 761 21

264 798 544 884 Ellespontum
566 805 604 865 et
625 798 809 866 claustra

74 898 198 981 equod
212 901 331 967 Xerses
355 902 514 984 quondam
537 920 608 968 eurn
630 900 736 967 locum
758 898 888 982 clausit,
908 919 983 966 narn
1005 903 1040 964 ut
1054 897 1175 966 Ennius
1198 900 1257 966 ait:

196 1001 316 1084 Isque
337 1002 617 1087 Hellesponto
638 1006 799 1087 pontem
822 1000 1036 1069 contendit
1057 1001 1098 1066 in
1119 1002 1214 1086 alto,

110 1103 174 1169 ulsi
195 1105 301 1189 potius
323 1105 365 1171 ab
388 1124 427 1171 eo
450 1104 537 1187 quod
558 1103 637 1169 Asia
659 1109 692 1168 et
712 1103 842 1188 Europa
863 1103 909 1170 ibi
930 1102 1132 1171 concluditur
1154 1124 1256 1189 marc;

111 1204 194 1271 inter
215 1207 379 1292 angustias
396 1207 478 1286 ¹facit
499 1203 704 1290 Propontidis
725 1203 843 1272 fauces.

195 1307 309 1375 Pacui:
1278 1311 1299 1389 ξ
1320 1313 1360 1373 22

60 1421 88 1472 16
565 1408 671 1491 liqui
692 1408 732 1474 in
753 1409 888 1492 Aegeo
910 1408 1018 1476 fretu
1263 1426 1408 1479 (6368866

111 1511 230 1577 dictum
245 1511 360 1579 fretum
375 1511 418 1577 ab
440 1510 647 1577 similitudine
666 1510 819 1577 ferventis
840 1529 955 1595 aquae,
978 1512 1064 1595 quod
1086 1512 1120 1579 in
1141 1513 1256 1579 fretum

111 1632 211 1698 saepe
226 1620 393 1681 concurrat
414 1619 523 1680 aestus
545 1618 642 1697 atque
664 1612 862 1680 effervescat.
906 1614 1049 1697 Aegeum
1071 1613 1191 1682 dictum
1213 1615 1256 1682 ab

109 1715 239 1803 insulis,
267 1717 354 1801 quod
374 1716 408 1782 in
430 1736 468 1784 eo
490 1715 571 1782 mari
592 1714 715 1801 scopuli
736 1714 769 1781 in
791 1717 908 1801 pelago
930 1721 1085 1784 vocantur
1105 1718 1148 1784 ab
1170 1718 1254 1785 simi-

109 1816 243 1884 litudine
267 1839 433 1904 caprarum
455 1818 571 1903 Aeges.

57 1931 86 1982 15
107 1920 248 1987 Ferme
270 1920 443 1988 aderant
462 1919 623 1986 ratibus
644 1921 883 2004 repentibus
904 1940 1075 2004 aequore
1095 1924 1135 1990 in
1157 1923 1252 1991 alto.
1274 1926 1294 2006 ξ
1316 1926 1355 1987 23

108 2022 198 2090 Mare
226 2023 423 2109 appellatum
454 2019 613 2109 [aequor],
647 2024 733 2106 quod
762 2027 934 2105 aequatum
964 2044 1035 2089 curn
1064 2032 1255 2092 commotum

196 2244 208 2294 1
228 2239 290 2294 aliis
308 2256 360 2294 om.
378 2239 517 2294 Laetus.
537 2270 568 2278 —
586 2238 661 2308 piple
678 2237 724 2292 ide
741 2199 867 2310 ¹espiudes
883 2237 917 2306 F,
943 2239 1071 2310 spc'ro'tam
1093 2239 1157 2296 add.
1174 2257 1209 2295 m.
1227 2245 1254 2297 2.

108 2356 141 2364 —
160 2325 337 2380 2eliconides
349 2325 382 2393 F,
400 2324 585 2380 heliconiades
603 2325 691 2393 vulg.
709 2341 770 2380 cam
781 2326 814 2379 B.
832 2324 1002 2388 -3Cassi1
1020 2323 1158 2394 Muller,
1176 2327 1256 2396 quasi

107 2409 206 2478 libri,
233 2409 390 2465 Ribbeck
407 2413 443 2464 tr.
462 2408 495 2464 fr.
514 2409 568 2464 inc.
586 2409 640 2465 inc.
661 2415 718 2478 101,
746 2410 857 2466 Cassius
879 2408 1080 2479 Scioppius,
1107 2410 1136 2465 O.
1160 2412 1255 2466 Attius

107 2496 259 2551 Ursinus
285 2512 331 2565 ap.
357 2494 493 2565 Sciopp.
520 2525 553 2534 -
580 2495 795 2565 tellespontum
816 2496 849 2550 F.
875 2525 910 2535 -
936 2494 1108 2564 Hellesponti
1134 2495 1256 2551 claustra

107 2581 297 2652 Scioppius
320 2580 396 2651 qaod
412 2597 503 2635 oerum
522 2578 628 2633 videtur
645 2579 816 2648 Ellespontei
832 2581 972 2652 scriptam.
1000 2609 1032 2618 —
1060 2584 1076 2632 5
1095 2596 1204 2635 exerses
1221 2581 1255 2642 F.

108 2670 137 2722 61
152 2682 251 2722 xerxes
269 2666 325 2735 Vp.
353 2665 387 2720 dc
404 2664 505 2720 Xerses
523 2664 597 2733 conf.
617 2665 752 2720 Lachm.
771 2665 806 2720 ad
824 2665 907 2720 Lucr.
929 2683 957 2736 p.
977 2669 1036 2733 232,
1063 2665 1201 2721 Vahlen
1218 2665 1255 2720 ad

109 2751 165 2806 Cic.
183 2753 219 2806 de
236 2751 287 2820 leg.
303 2751 342 2818 II,
356 2755 397 2818 10,
410 2753 452 2818 26,
471 2749 501 2804 O.
511 2747 544 2803 F.
554 2749 599 2804 W.
617 2749 744 2804 Muller
762 2749 818 2805 (lic.
837 2765 881 2819 op.
898 2751 950 2805 vol.
969 2751 1016 2818 IV,
1036 2753 1060 2804 2.
1079 2755 1172 2806 annot.
1191 2752 1253 2807 crit.

106 2853 133 2904 p.
151 2836 212 2891 VH.
235 2837 341 2909 probat
357 2836 473 2892 Groth.
491 2866 526 2875 -
544 2837 559 2888 6
576 2834 662 2904 isque]
680 2836 704 2889 is
722 2835 769 2904 qui
786 2834 875 2889 Roth
891 2835 990 2891 Philol.
1009 2836 1087 2890 XVII
1104 2855 1132 2906 p.
1145 2840 1201 2891 115.
1220 2868 1255 2877 -

108 2928 122 2976 'l
140 2923 234 2977 Asiam
252 2926 280 2977 et
298 2921 439 2990 Europam
456 2921 594 2976 Laetus.
613 2953 645 2960 —
664 2920 713 2974 ubi
729 2919 865 2975 Muller.
883 2951 917 2960 —
944 2921 1127 2990 concluditur]
1146 2923 1254 2993 sepsi,

107 3007 222 3062 colludit
238 3007 271 3075 F,
298 3007 403 3061 collidit
419 3006 508 3073 Hab,
535 3007 675 3060 concludit
691 3005 834 3061 Laetus.
869 3001 948 3075 ‘fort
966 3022 1047 3074 quom
1065 3001 1164 3063 cludit'
1182 3007 1253 3078 LSp.

106 3093 180 3162 corzf.
200 3091 336 3161 Madvig
353 3092 460 3147 Accu
476 3107 503 3160 p.
517 3096 574 3147 113.
594 3121 624 3130 -
645 3091 730 3160 mare]
748 3095 777 3146 et
793 3107 869 3146 mare
885 3094 914 3146 et
930 3091 1069 3146 Laetus.
1087 3123 1121 3132 -
1140 3092 1255 3148 9Pacui

106 3175 139 3245 F,
150 3177 257 3231 Pacuui
269 3176 303 3245 G,
313 3177 430 3246 pacuius
441 3192 469 3245 p,
481 3177 619 3231 Pacuuius
631 3177 752 3232 ceteri.
770 3206 805 3215 —
824 3181 855 3231 10
868 3192 934 3246 egeo
945 3175 978 3230 F.
998 3208 1029 3216 -
1048 3176 1130 3244 fretu]
1147 3177 1254 3248 scrrpsr',

106 3260 207 3316 fretum
218 3260 251 3329 F,
263 3261 334 3316 freto
346 3263 482 3317 Laetus.
506 3293 537 3301 —
561 3266 592 3316 12
605 3278 670 3331 sepe
681 3260 714 3328 F,
726 3257 806 3331 ‘fort
818 3253 936 3331 semper‘
955 3261 1025 3332 LSp.
1044 3262 1166 3317 Isidorus
1177 3263 1253 3330 XIII,

111 3350 149 3415 18,
167 3350 197 3400 2:
221 3341 331 3401 ‘fretum
348 3351 441 3402 autern
458 3348 626 3418 appellatum
644 3348 716 3416 quod
733 3347 773 3400 ibi
790 3362 866 3402 mare
889 3363 998 3417 semper
1014 3347 1119 3402 ferveat
1137 3388 1144 3400 .
1165 3389 1171 3400 .
1189 3363 1253 3401 num

106 3431 179 3485 freta
206 3431 281 3485 dicta
307 3430 347 3484 ait
364 3431 451 3486 Varro
475 3433 555 3501 quasi
571 3433 690 3501 fervida,
716 3432 745 3486 id
763 3435 806 3488 est
822 3432 956 3487 ferventia
973 3436 1001 3489 61
1017 3439 1120 3489 motum
1137 3432 1252 3488 fervoris

106 3512 253 3571 habentia?
274 3545 305 3554 -
324 3519 399 3570 estus
418 3516 450 3569 F.
469 3548 503 3556 —
521 3534 616 3587 egsum
632 3517 665 3571 F.
689 3548 721 3555 —
750 3521 782 3571 13
800 3518 873 3586 quod
889 3517 919 3571 in
937 3535 969 3572 eo
987 3519 1065 3584 mari]
1081 3520 1153 3589 fort.
1171 3518 1200 3572 in
1218 3534 1251 3573 66

106 3602 176 3656 mari
193 3600 273 3670 quod.
302 3631 334 3638 -
365 3605 397 3654 14
414 3606 504 3670 aegea]
523 3618 585 3670 eges
603 3602 636 3656 F.
654 3602 736 3671 Eges,
762 3601 898 3657 Pacuvius
915 3602 988 3671 Eges
1005 3603 1150 3670 Laetus,
1174 3595 1253 3673 αἶγες

105 3687 243 3742 Pacuvius
268 3700 347 3753 aegas
369 3686 402 3753 B,
429 3685 526 3755 vulg,
555 3682 639 3759 αἶγες.
657 3687 794 3741 Pacuvius
816 3687 966 3741 Hermiona
988 3703 1106 3757 aequore
1129 3686 1251 3756 Sciop-

105 3773 195 3842 pius.
214 3801 247 3810 -
277 3775 307 3825 15
326 3771 431 3826 ratibus
453 3771 612 3841 repentibus
630 3786 749 3840 aequore
769 3771 799 3825 in
817 3772 882 3835 6116]
904 3772 1004 3843 scripsi
1020 3773 1141 3825 anaemaris
1157 3771 1251 3843 dacty-

106 3858 166 3913 b'cr's
188 3873 248 3911 oum
271 3855 440 3923 Ilbergio,
467 3856 504 3925 cf.
530 3855 664 3911 Vahlen
687 3856 759 3910 Eun.
782 3872 845 3910 ann.
869 3872 894 3908 v.
918 3860 977 3922 602,
1003 3871 1121 3924 aequore
1142 3858 1172 3910 iu
1194 3857 1251 3911 alto

105 3942 211 3998 ratibus
229 3939 390 4011 repentibus
411 3938 505 3995 libri.
524 3946 691 4011 anapaestos
708 3941 856 3996 metiantur
873 3939 1029 3995 Ribbeck
1045 3941 1099 3994 inc.
1118 3939 1172 3994 inc.
1192 3943 1251 4008 224,

104 4027 289 4082 Bucheler.
317 4056 350 4065 -
378 4027 410 4080 16
427 4025 512 4094 mare]
539 4042 615 4081 mare
641 4041 725 4094 equor
751 4024 797 4094 M,
822 4040 924 4094 aequor
949 4041 1025 4079 mare
1049 4025 1189 4079 Laetus.
1217 4055 1251 4064 -

105 4110 437 4182 aequorquod1scripsi,
464 4110 538 4179 quod
553 4109 646 4166 libri.
674 4140 708 4150 —
733 4114 887 4180 aequatum]
909 4110 1051 4172 Laetus,
1078 4113 1206 4178 squatum
1222 4127 1250 4180 p,

105 4202 235 4265 squatum
250 4196 284 4266 F,
307 4211 380 4266 aqua
397 4197 456 4250 turn
473 4195 545 4250 alii.
581 4190 660 4266 ‘sort
679 4211 797 4264 aequum
813 4210 916 4265 aequor
933 4188 1004 4250 tum’
1021 4195 1093 4265 LSp.
1119 4225 1153 4235 -
1179 4199 1250 4260 cunr]

104 4298 185 4351 quom
201 4281 264 4336 Ha.
