3060 5048
566 316 680 373 nnana
696 316 869 374 nncmua
907 319 1051 385 cra-rs.
1229 284 1232 289 ’
1320 319 1379 379 aer

236 489 364 558 tertiam
392 494 516 573 poetae.
562 489 651 556 Haec
684 487 869 571 diligentius
903 508 998 574 quam
1028 486 1168 572 apertius
1197 486 1282 555 dicta
1313 508 1384 557 esse
1406 493 1425 571 ξ
1447 494 1488 555 75

237 590 388 672 arbitror,
422 588 480 656 sed
512 611 576 657 non
604 589 769 657 obscurius
797 609 893 674 quam
923 588 963 656 de
992 609 1027 656 rc
1055 587 1152 655 simili
1181 587 1382 656 definitiones

237 691 515 778 grammaticorum
538 697 627 774 sunt,
650 696 685 758 ut
707 691 869 772 Aristeae,
892 688 1099 774 Aristodemi,
1122 689 1281 771 Aristocli,
1303 689 1381 756 item
1393 707 1466 758 trad
1477 706 1525 760 ὃν

238 793 381 876 aliorum,
405 811 538 874 quorum
560 791 770 859 obscuritates
793 812 831 858 eo
854 791 958 857 minus
980 789 1273 875 reprehendendae,
1296 791 1382 873 quod

199 895 410 978 opleraeque
440 892 640 960 definitiones
668 913 702 961 re
733 893 895 976 incognita
927 899 1057 977 propter
1089 911 1245 958 summam
1278 891 1381 959 brevi·

237 1000 335 1062 tatem
365 1014 428 1060 non
457 994 552 1060 facile
580 994 827 1078 perspiciuntur,
860 992 923 1059 nisi
955 992 1147 1059 articulatim
1179 997 1253 1060 sunt
1281 993 1381 1077 expli-

237 1101 337 1162 catae.
396 1096 502 1175 Quare
530 1096 633 1176 magis
661 1095 846 1180 apparebit,
880 1095 908 1160 si
941 1095 1000 1162 erit
1034 1101 1144 1178 aperte
1177 1093 1218 1160 de
1249 1093 1384 1176 singulis
1405 1098 1425 1178 ὅ
1447 1100 1488 1160 76
1520 1117 1521 1120 ’

236 1195 396 1282 partibuS,
430 1195 506 1281 quid
529 1195 653 1262 dicatur
675 1196 824 1279 verbum,
859 1195 936 1278 quid
963 1194 1138 1263 similitudo
1166 1195 1271 1278 verbi,
1304 1195 1382 1277 quid

238 1296 424 1381 declinatio,
458 1295 536 1378 quid
565 1295 738 1364 similitudo
762 1296 984 1364 declinationis
1006 1317 1070 1363 non
1091 1303 1288 1381 repugnante
1310 1318 1382 1363 con·

186 1414 215 1465 to
238 1399 404 1465 suetudine
433 1398 606 1481 communi,
641 1395 718 1480 quid
747 1417 787 1463 ex
815 1397 954 1484 quadam
982 1404 1082 1483 parte.
1141 1397 1281 1464 Verbum
1312 1398 1383 1466 dico
1404 1399 1424 1477 ξ
1446 1402 1486 1462 77

238 1499 390 1567 orationis
413 1496 600 1585 [vocabulis]
623 1504 756 1584 partem,
780 1519 862 1581 quae
884 1500 926 1567 sit
947 1498 1085 1565 indivisa
1108 1505 1139 1566 et
1161 1499 1301 1566 minima.
1347 1499 1382 1566 Si

238 1601 483 1670 declinationem
511 1601 689 1668 naturalem
722 1600 856 1686 habeat,
891 1600 996 1668 simile
1022 1600 1156 1668 verbum
1184 1600 1283 1668 verbo
1316 1607 1382 1669 tum

237 1722 333 1786 quom
367 1709 398 1770 ct
430 1722 465 1768 re
498 1720 593 1783 quam
626 1700 785 1784 significat
817 1707 848 1770 et
881 1723 960 1769 voce
992 1722 1056 1787 qua
1088 1701 1245 1786 significat
1282 1708 1314 1769 et
1350 1703 1382 1768 in

238 1803 366 1887 figurae,
382 1803 517 1870 transitu
540 1802 761 1870 declinationis
782 1803 894 1887 parile.
938 1802 1118 1870 Declinatio
1141 1811 1205 1885 cst,
1240 1824 1312 1871 cum
1342 1824 1382 1870 ex

187 1919 216 1970 15
237 1902 335 1970 verbo
358 1904 391 1969 in
413 1905 546 1970 verbum
568 1910 623 1970 aut
654 1924 693 1970 en
722 1903 814 1970 verbi
841 1902 1022 1970 discrimine
1051 1909 1086 1970 ut
1112 1908 1255 1971 transeat
1283 1919 1523 1989 menso-casm

237 2005 324 2071 vocis
339 2005 550 2097 commutatio
578 2004 614 2069 fit
640 2004 757 2087 aliqua.
802 2004 983 2072 Similitudo
1013 2004 1252 2088 declinationis,
1287 2025 1382 2089 quom

237 2107 314 2173 item
337 2127 377 2172 ex
400 2108 509 2190 aliqua
530 2105 632 2188 figura
652 2106 686 2172 in
708 2105 842 2188 figuram
864 2107 993 2188 transit,
1027 2111 1062 2172 ut
1088 2103 1123 2170 id
1149 2107 1279 2188 transit,
1312 2128 1384 2173 cum

241 2226 303 2289 quo
326 2211 492 2274 confertur.
550 2205 721 2273 Adiectum
749 2214 798 2273 eat
824 2201 901 2275 ‘non
928 2210 1125 2291 repugnante
1156 2208 1381 2276 consuetudine
1403 2213 1421 2287 ξ
1445 2212 1484 2273 78

239 2300 422 2391 communi',
457 2308 543 2391 quod
571 2307 730 2390 quaedam
760 2309 859 2374 verba
885 2314 994 2373 contra
1016 2327 1107 2373 usum
1129 2311 1272 2374 veterem
1294 2308 1383 2374 incli-

186 2422 216 2474 20
238 2415 315 2475 nata
344 2410 498 2495 patietur,
531 2414 567 2475 ut
594 2427 692 2492 passa
713 2409 918 2476 Hortensium
940 2408 1046 2474 dicere
1069 2430 1125 2494 pro
1151 2407 1223 2493 [hac
1245 2406 1283 2494 si]
1308 2408 1382 2475 Cer-

238 2511 324 2577 vices
347 2510 480 2596 Ccrvix;
516 2509 674 2594 quaedam
701 2530 782 2594 non,
816 2515 852 2577 ut
879 2511 907 2577 si
936 2510 1025 2578 dicas
1053 2531 1111 2596 pro
1134 2511 1258 2578 Fauces
1282 2511 1380 2577 Faux.

238 2611 303 2679 Ubi
325 2611 454 2678 additur
479 2605 535 2680 ‘ex
558 2611 698 2694 quadam
719 2604 836 2697 parte',
869 2611 1028 2698 significat
1056 2633 1120 2679 non
1149 2631 1220 2680 esse
1246 2612 1280 2679 in
1310 2633 1382 2680 con-

317 2897 333 2947 4
352 2860 505 2950 obsonandi
523 2894 554 2948 F.
582 2925 615 2934 -—
643 2899 658 2949 6
676 2895 732 2952 sint
749 2895 873 2965 GHap.
898 2927 932 2935 -
957 2896 1096 2965 explicata
1112 2896 1145 2962 F,
1170 2911 1243 2951 corr.
1261 2896 1383 2964 Sciop-

237 2978 323 3047 pius.
350 3009 384 3017 -
411 2981 570 3048 sapertun
586 2977 721 3034 Mdller.
747 2974 826 3049 ‘fort
851 2983 947 3050 aperte
969 2974 1084 3037 dictum'
1110 2981 1180 3048 LSp.
1209 3010 1241 3018 -
1265 2980 1383 3034 9dceli-

236 3062 365 3128 nationis]
393 3055 474 3131 ‘fort
505 3062 711 3130 declinationis,
740 3064 806 3132 quid
836 3063 985 3121 similitudo
1015 3057 1220 3120 declinationis'
1247 3065 1318 3133 LSp.
1348 3093 1382 3105 -

239 3151 269 3202 10
288 3146 397 3202 comuni
414 3147 446 3201 F.
473 3175 508 3188 -
535 3152 565 3203 11
584 3147 733 3212 vocabulis]
755 3148 857 3204 vocalis
875 3148 971 3217 vulg,
996 3150 1107 3206 seclusit
1123 3151 1186 3219 LSp
1208 3149 1294 3204 idem:
1318 3145 1386 3217 ‘fcit

235 3232 303 3300 sort.
330 3230 508 3300 vocabulum,
536 3231 665 3286 orationis
691 3235 798 3301 partem
824 3248 894 3301 quae
919 3227 983 3289 cst'.
1014 3266 1048 3274 —
1077 3238 1105 3290 et
1130 3234 1249 3296 minima]
1277 3249 1309 3288 eo
1333 3233 1383 3285 mi-

236 3314 311 3368 nima
337 3314 360 3368 F
384 3314 469 3381 (Keil,
503 3313 575 3383 ASp)
601 3314 652 3384 Vp
676 3315 805 3371 Laetus
829 3317 900 3387 fort.
928 3322 1007 3373 recta
1034 3320 1076 3383 (eo
1105 3318 1147 3373 oct
1172 3331 1205 3372 ea
1228 3322 1259 3371 ut
1282 3315 1333 3371 oid.
1359 3315 1383 3369 F

239 3397 345 3464 Grothl.
372 3428 404 3436 -
433 3402 464 3450 12
483 3397 694 3453 declinationem
716 3416 788 3453 corr.
812 3416 850 3455 ccc
873 3401 1063 3458 declinationis
1082 3403 1114 3456 F.
1142 3432 1174 3441 -
1196 3395 1245 3454 ‘aa
1267 3395 1381 3454 habetl'

236 3480 307 3549 LSp.
335 3509 369 3520 -
395 3481 510 3534 similem
532 3480 556 3534 F
579 3497 639 3535 cam
663 3484 773 3548 ceteris,
800 3499 872 3539 corr.
900 3485 1091 3555 Scioppius.
1117 3515 1152 3524 -
1180 3488 1210 3538 13
1228 3490 1317 3555 quom]
1339 3488 1384 3557 qffi

239 3569 281 3632 (=
299 3564 435 3632 quoniam)
458 3564 498 3631 F,
527 3580 598 3619 corr.
625 3565 712 3633 vulg.
740 3596 774 3606 —
798 3583 829 3622 rc
849 3607 855 3620 .
874 3608 880 3620 .
900 3574 975 3634 voce]
1001 3587 1059 3625 rem
1079 3611 1084 3625 .
1105 3609 1111 3623 .
1130 3584 1223 3624 vocem
1248 3572 1281 3626 F.
1309 3588 1381 3627 corr.

237 3648 374 3704 Mulier.
403 3678 435 3687 -
462 3648 544 3712 etin]
569 3647 656 3703 estin
673 3649 705 3717 F,
732 3667 803 3704 corr.
825 3651 911 3722 vulg.
940 3685 972 3694 —
1002 3658 1033 3708 14
1050 3653 1138 3722 figura
1156 3655 1291 3715 ctransitu
1309 3672 1382 3709 corr.

237 3749 275 3788 cx
292 3732 380 3800 figura
397 3732 558 3786 etranaitum
576 3732 609 3799 F,
627 3732 696 3787 illud
711 3734 793 3788 ctiam
812 3735 873 3804 Vp,
899 3736 988 3806 figura
1005 3737 1137 3793 transitus
1156 3753 1181 3805 a,
1199 3738 1288 3808 figura
1305 3744 1381 3794 tran·

238 3817 292 3872 situ
320 3815 393 3884 GH,
423 3815 512 3884 figura
537 3817 683 3872 transitum
708 3817 849 3875 Laetus.
877 3825 905 3875 ct
930 3821 1019 3890 figura
1044 3822 1075 3876 in
1100 3821 1222 3877 transitu
1247 3823 1273 3876 d.
1300 3824 1382 3891 parili

239 3902 268 3957 0.
287 3901 319 3956 F.
339 3899 382 3954 W.
400 3900 523 3956 Mulier
539 3918 567 3970 p.
587 3905 644 3956 873.
672 3932 705 3941 -
731 3899 932 3960 ‘declinationis
947 3907 1018 3974 fort.
1036 3899 1097 3960 dcl?
1115 3907 1186 3975 LSp.
1209 3937 1243 3945 -
1268 3908 1382 3976 parilem

154 4055 158 4063 Ι
238 3985 332 4053 vulg,
350 3985 435 4041 habet
451 3985 565 4054 parilem
584 3987 780 4057 Scioppius.
807 4019 840 4028 -—
869 3995 900 4045 19
919 3989 1027 4046 comuni
1045 3990 1078 4046 F.
1103 4018 1138 4030 -
1164 3993 1287 4046 ueterum
1305 4008 1329 4047 a.
1349 4023 1382 4032 —

236 4072 376 4135 inclinata]
403 4073 440 4141 F,
468 4069 606 4126 declinata
632 4071 773 4140 Laetus,
798 4073 880 4144 prot.
907 4074 980 4143 LSp.
1007 4075 1084 4143 conf.
1103 4075 1140 4128 ad
1156 4090 1182 4143 p.
1203 4078 1261 4142 235,
1281 4080 1320 4130 14.
1348 4107 1381 4117 -

236 4151 314 4292 {gra
338 4149 454 4224 patitnr'
479 4153 551 4222 LSp.
579 4185 612 4194 -
638 4159 670 4209 20
688 4157 741 4211 hac
765 4157 797 4222 si]
820 4160 872 4214 has
895 4158 989 4226 vulg,
1016 4160 1069 4213 hae
1093 4159 1302 4228 Stephanus,
1329 4161 1382 4216 det.

281 4255 308 4307 p,
777 4283 779 4287 .
