3038 5048
259 283 319 342 128
583 283 906 342 nlennsnrrmos.
941 285 1079 353 pren.

258 455 325 522 ian
353 455 542 524 curiones
572 457 726 526 dnonas
754 477 919 526 oeruses
948 456 1077 525 donus
1108 457 1227 524 ianus
1259 476 1306 523 ue
1338 460 1413 523 uet

257 577 345 642 pom
367 558 472 625 elios
495 578 579 626 enm
601 580 827 628 recum...
944 562 947 567 ’

150 663 232 742 §27
256 659 436 726 Foedesum
456 661 654 748 Foederum,
684 662 828 729 Plnsima
850 661 1008 744 Plurima,
1040 661 1205 728 Meliorem
1226 659 1408 742 Meliorem,

104 742 396 828 ‘⁹·³¹⁴⁸¹’·¹³Asenam
426 764 583 848 Arenam,
615 764 735 831 lanitos
763 763 891 831 Ianitor.
946 763 1053 843 Quare
1084 782 1103 828 e
1136 761 1294 828 Casmena
1327 762 1407 828 Car-

256 882 368 948 mena,
408 861 451 951 [e]
490 865 647 932 Carmena
685 861 842 951 [Carmen]
876 867 905 932 R
937 865 1052 932 extrito
1093 862 1235 931 Camena
1273 863 1449 931 factumi

255 966 298 1032 ab
321 965 435 1033 eadem
456 987 537 1034 voco
559 967 682 1053 Canite,
703 989 761 1053 pro
783 988 845 1054 quo
867 969 900 1035 in
923 958 1040 1035 Saliari
1061 986 1157 1034 versu
1179 965 1333 1051 scriptum
1356 973 1410 1034 est

257 1066 357 1134 Cante
379 1067 441 1136 boo
462 1088 571 1136 veron:

255 1254 349 1308 osculo
368 1254 455 1310 dolori
473 1271 520 1310 ero
537 1256 677 1324 Laetus,
705 1255 809 1310 corculi
832 1254 920 1309 dolosi
946 1271 993 1309 eso
1010 1253 1098 1323 vulg.
1117 1271 1178 1309 cam
1196 1254 1227 1322 Β,
1254 1254 1333 1308 cuias
1350 1270 1405 1308 rne-

255 1339 329 1393 diam
352 1341 444 1395 vocab.
469 1347 509 1395 est
530 1342 620 1396 Dasio.
648 1371 681 1379 -
709 1339 731 1394 0
754 1341 823 1395 Zeul
844 1341 985 1407 adosiose,
1013 1339 1103 1395 omina
1129 1354 1193 1394 vero
1216 1340 1252 1393 ad
1275 1339 1405 1394 Patuleie

253 1423 335 1479 misse
351 1427 354 1492 Ι
370 1425 474 1479 Ianitor
491 1426 585 1481 lanes:
612 1425 719 1479 duonus
739 1441 817 1480 cerus
836 1442 873 1480 es.
890 1431 894 1492 l
910 1425 1024 1480 Duonns
1042 1426 1126 1479 Ianua
1150 1426 1259 1492 auctet,
1286 1438 1321 1492 po
1345 1439 1405 1479 me-

253 1508 348 1565 liosem
365 1525 458 1564 recum
475 1510 596 1578 Bergk.
615 1541 648 1548 -
666 1510 765 1575 onmia]
782 1512 823 1564 sic
841 1511 942 1578 libri,
960 1527 1015 1565 ron
1034 1510 1132 1565 omina
1152 1539 1184 1548 —
1202 1512 1275 1573 vero]
1297 1523 1356 1563 non
1372 1508 1402 1571 b.

255 1610 310 1648 ·n·
331 1595 364 1663 G,
382 1595 453 1648 enim
470 1594 505 1649 H.
534 1625 564 1634 -
596 1595 1116 1666 1IancusianesVap,IacusiaeeG,
1143 1594 1199 1650 iam
1216 1594 1343 1648 curiones
1361 1594 1402 1660 M,

253 1680 447 1735 Lamousianes
465 1679 505 1747 H,
530 1680 585 1734 iam
608 1681 685 1734 cusia
707 1681 816 1736 eusiatii
833 1683 857 1736 B
878 1689 906 1737 et
923 1681 1011 1735 media
1029 1696 1086 1736 occ.
1105 1697 1156 1736 am.
1174 1681 1260 1749 vulg.
1278 1679 1334 1734 iam
1352 1695 1402 1734 cu-

254 1764 343 1819 riones
362 1764 550 1820 Turnebus.
569 1797 601 1804 —
621 1757 726 1821 ceruac'
743 1766 782 1821 M.
801 1796 834 1806 —
851 1768 942 1822 dunas
955 1766 988 1834 V,
1007 1765 1097 1820 diuuis
1114 1784 1143 1836 p,
1161 1765 1226 1820 dum
1238 1766 1272 1832 G,
1291 1765 1345 1820 dab
1364 1765 1402 1834 H,
1471 1781 1478 1792 ·

253 1848 370 1918 dumque
386 1850 426 1918 M,
448 1850 521 1903 dunz
539 1864 564 1903 a.
583 1881 616 1889 —
634 1850 768 1919 ianuaque
785 1850 823 1905 M.
843 1883 876 1891 -
894 1868 929 1906 ue
947 1856 1003 1916 uet]
1022 1851 1115 1906 ueniet
1132 1850 1165 1905 V.
1191 1881 1225 1890 -
1252 1855 1267 1905 2
1285 1851 1321 1921 po
1339 1852 1366 1907 V
1372 1870 1402 1923 p,

252 1948 302 2003 poe
320 1933 381 2000 Ma,
398 1939 461 2005 post
478 1934 543 1990 GH.
561 1965 595 1975 -
613 1936 688 2006 corf.
707 1937 860 1992 Dbntzer
876 1938 911 1992 de
927 1953 997 1991 vers.
1016 1937 1126 1992 Saturn.
1144 1953 1172 2006 p.
1183 1938 1224 2003 36,
1242 1935 1404 2008 Hartung

251 2007 326 2072 Uber
343 2019 388 2073 die
407 2018 493 2074 Casus
509 2037 537 2089 p.
558 2023 615 2088 108,
639 2020 660 2076 C
667 2036 788 2076 orssen
806 2021 879 2090 Orig.
897 2022 988 2091 poesis
1006 2021 1083 2076 Rom.
1102 2039 1130 2091 p.
1149 2025 1258 2089 55-58,
1284 2022 1402 2092 Bergk

252 2109 393 2159 comment.
416 2104 451 2159 de
475 2105 585 2160 carmin.
612 2105 757 2160 Saliarium
781 2106 902 2176 reliquiis
925 2106 1058 2176 Morburg
1076 2110 1141 2160 1847
1166 2106 1231 2172 (ind.
1250 2107 1313 2161 lect.
1332 2123 1400 2162 sem.

251 2188 326 2259 bib),
343 2190 430 2245 Zscbr
447 2190 467 2244 f.
486 2190 602 2245 Alterth.
623 2194 690 2245 1856
706 2209 733 2261 p.
755 2194 812 2259 137,
835 2192 1021 2246 Mommsen
1038 2191 1183 2246 Unterital.
1202 2191 1272 2246 Diol.
1291 2209 1318 2262 p.
1340 2197 1399 2248 133.

245 2282 394 2348 praeterea
413 2275 493 2345 Corp.
511 2275 598 2329 Inser.
616 2275 664 2330 lat.
682 2274 696 2327 I
712 2293 740 2344 p.
760 2280 792 2330 23
815 2277 884 2332 inse.
903 2280 936 2330 46
954 2277 1065 2347 confert
1082 2276 1203 2342 Groth;
1222 2277 1291 2330 idem
1309 2283 1402 2333 monet

251 2361 327 2431 quad
342 2361 376 2415 de
392 2379 456 2431 pom
472 2360 567 2415 melios
583 2361 703 2432 protulit
718 2360 753 2414 H.
771 2360 907 2416 Jordan
923 2361 995 2416 Krit.
1013 2361 1141 2431 Beitriige
1158 2378 1182 2414 z.
1195 2361 1294 2417 Geseh.
1308 2362 1335 2416 d.
1348 2363 1399 2418 lat.

250 2446 386 2516 Sprache,
409 2446 503 2501 Berlin
522 2450 587 2500 1879
611 2447 666 2518 ipsi
687 2446 746 2500 viro
768 2445 922 2500 doctissimo
945 2448 999 2500 iam
1025 2463 1080 2500 aaa
1101 2447 1229 2518 probari.
1250 2448 1401 2503 rectissime

250 2533 351 2603 opinor
376 2531 454 2602 LSp:
476 2524 585 2584 ‘Varro
612 2530 718 2585 cicietur
742 2532 883 2602 scripsisse
909 2532 1044 2587 Saliorum
1071 2535 1135 2586 sunt
1160 2533 1230 2586 baec
1255 2531 1399 2588 foederum

250 2616 390 2671 foederum
409 2658 415 2671 .
435 2657 441 2669 .
460 2617 589 2671 carminis
614 2621 704 2669 autem
729 2616 812 2671 verba
835 2617 870 2671 ab
893 2619 948 2673 alio
971 2616 1067 2671 addita
1085 2611 1158 2669 esse?
1187 2647 1220 2655 -
1243 2623 1311 2687 post
1336 2633 1400 2675 eum

248 2717 342 2755 recum
359 2701 457 2770 paitrus
474 2701 563 2755 verbis
579 2701 699 2771 scriptor
716 2700 754 2755 ad
769 2700 886 2755 mediam
902 2705 965 2775 fere
981 2718 1087 2759 aarum
1099 2706 1274 2771 pervenerat,
1291 2707 1319 2754 et
1334 2704 1399 2757 reli-

152 2788 155 2796 '
249 2802 305 2856 pac
322 2786 381 2841 cias
397 2802 491 2839 versas
506 2801 575 2856 pars
592 2786 685 2855 etqui
699 2791 851 2854 sequantur
868 2790 999 2855 quattuor
1015 2800 1109 2838 versas
1125 2787 1207 2840 oacrci
1222 2787 1312 2840 relicti
1332 2793 1399 2842 sant

248 2873 277 2925 io
294 2870 326 2924 F.
343 2878 489 2942 praeterea
507 2870 648 2925 adnotavit
659 2869 782 2926 Groth:
799 2867 838 2924 ‘io
855 2870 953 2925 boram
970 2886 1094 2926 vascam
1112 2870 1200 2926 medio
1219 2877 1318 2942 quarto
1334 2873 1398 2942 far-

249 2958 312 3011 titer
334 2973 414 3010 erasa
434 2960 499 3009 sant
522 2957 575 3009 tria
596 2955 641 3010 cel
661 2962 791 3026 quattuor
813 2955 895 3011 verba
922 2957 986 3010 olim
1011 2957 1116 3028 scripta
1142 2974 1160 3010 a
1186 2973 1269 3010 manu
1293 2959 1395 3028 prima.

247 3042 338 3096 neseio
360 3058 396 3094 aa
420 3039 464 3094 liic
485 3042 617 3112 scriptam
639 3042 726 3109 faerit
750 3041 849 3096 desunt
871 3040 897 3094 X
920 3056 1014 3095 versus
1036 3041 1066 3094 in
1089 3058 1130 3095 ex.
1149 3041 1194 3095 vei
1208 3041 1295 3095 simile
1312 3043 1397 3111 qaid,-

247 3125 299 3180 lroc
320 3130 392 3180 certe
410 3125 592 3195 probabiliter
617 3125 765 3180 concludas
786 3141 823 3179 ece
839 3126 1020 3179 recentiorem
1038 3125 1161 3181 codicum
1178 3119 1268 3181 natis?
1294 3126 1397 3183 laeana

248 3212 277 3264 in
295 3210 345 3265 Ha
360 3212 401 3265 sic
418 3211 539 3265 s'adieata
562 3216 616 3265 est:
642 3211 687 3266 hie
711 3210 829 3280 spatium
846 3209 872 3263 X
888 3211 1021 3265 linearum
1038 3211 1164 3266 relietum
1181 3214 1242 3265 erat
1258 3210 1288 3264 in
1304 3226 1395 3265 exem-

248 3296 327 3366 plari.
350 3297 379 3350 in
396 3296 493 3351 ceteris
510 3301 559 3350 aret
575 3295 678 3351 nattam
696 3295 812 3349 lacunae
828 3293 969 3361 oestipiam
986 3299 1104 3363 apparet
1126 3300 1174 3347 aut
1197 3297 1278 3350 anias
1300 3313 1396 3351 versia

246 3383 366 3453 spatium
378 3381 455 3435 arella
466 3389 534 3436 nota
551 3381 653 3436 addita.
672 3380 754 3435 verba
770 3396 864 3434 recum
881 3379 1003 3434 foderum
1019 3380 1161 3450 eoaiaapit
1177 3398 1195 3450 p
1213 3386 1241 3434 et
1258 3383 1286 3435 ia
1304 3398 1393 3452 marp.

246 3467 293 3522 hic
310 3467 410 3523 deficit.
429 3472 546 3523 ceteram
564 3468 593 3521 ia
605 3466 628 3519 F
641 3482 733 3520 omnes
750 3482 843 3520 casas
860 3466 919 3519 eius
930 3464 1055 3535 papiaae
1072 3472 1189 3537 recepta
1204 3467 1295 3537 primo
1312 3466 1394 3522 salita

247 3552 356 3623 inopias
373 3570 391 3606 a
408 3553 532 3623 marpine
548 3554 646 3606 remoti
661 3557 733 3606 sarit.
758 3551 954 3622 reparatoria
971 3547 1008 3602 F:
1032 3548 1162 3604 ledaeum.
1181 3551 1312 3620 lederun.
1330 3552 1393 3621 plu·

248 3638 316 3692 sima
332 3638 450 3708 plurima
463 3677 470 3691 .
482 3637 621 3692 meliorem
633 3678 639 3690 .
652 3637 790 3692 meliorem
803 3677 809 3690 .
823 3650 933 3690 asenam
946 3676 953 3688 .
965 3650 1077 3690 arenam
1090 3676 1097 3689 .
1113 3636 1215 3691 ianitor
1228 3637 1304 3691 ‚iani
1319 3639 1323 3705 Ι
1338 3641 1392 3692 tor.

246 3754 280 3764 -·
298 3729 313 3778 3
332 3724 466 3792 foderum]
485 3739 536 3793 per
553 3722 712 3778 foedensum
730 3723 762 3777 G.
790 3752 825 3761 —
851 3720 999 3790 meliorem]
1017 3715 1095 3800 ‘fort
1114 3722 1152 3777 acl
1168 3721 1199 3774 id
1215 3721 1290 3791 qaod
1305 3738 1393 3792 supra

246 3832 327 3881 catat
347 3827 441 3882 melios
464 3843 526 3881 eum
545 3818 681 3896 pertinet?
703 3824 773 3893 LSp.
802 3854 834 3862 —
861 3825 920 3891 le]
940 3830 956 3876 e
973 3822 1006 3892 F,
1029 3801 1103 3893 CM,
1125 3840 1159 3879 ex
1176 3823 1331 3878 UrsInne.
1358 3855 1393 3863 -

246 3928 374 3968 carmena
390 3931 442 3968 om.
461 3912 495 3968 G.
522 3941 555 3951 -
582 3915 597 3963 5
615 3927 631 3965 e
648 3910 791 3973 Carmena]
808 3908 922 3980 scripsi,
940 3909 1062 3965 earmina
1079 3925 1189 3965 carmen
1205 3908 1305 3976 libri,
1326 3908 1392 3963 inde

246 3999 367 4052 earmina
384 4014 494 4054 carmen
510 3998 639 4052 Laetus
657 4000 684 4049 et
701 4010 751 4048 om.
775 4009 884 4049 carmen
901 3994 985 4063 vulg.
1020 3989 1098 4063 ‘sort
1122 4008 1240 4062 quareo
1258 3993 1392 4049 Carmena

247 4081 386 4150 Carmena,
404 4082 429 4136 R
442 4083 541 4138 extrito
555 4082 673 4137 Camena
684 4073 799 4134 faetum’
810 4080 883 4150 Lsp.
897 4086 1013 4151 praeter
1025 4078 1094 4133 iliad
1104 4076 1179 4149 qaod
1193 4079 1277 4148 posui
1292 4078 1392 4135 licebat

245 4167 324 4220 etiam
337 4167 496 4223 eCasmena
506 4167 647 4236 Carmena,
659 4183 675 4221 e
685 4165 818 4220 Carmena
828 4165 981 4220 CamenaR
991 4164 1091 4220 extrito
1104 4163 1215 4217 tactum.
1227 4191 1263 4202 -
1275 4169 1289 4216 7
1303 4163 1391 4234 offla-

245 4251 285 4307 dit
300 4267 381 4308 versu
398 4252 439 4307 bis
450 4255 592 4326 positam;
608 4253 678 4323 sort.
696 4252 749 4305 boc
761 4266 840 4306 versu
851 4291 858 4304 .
871 4292 877 4305 .
888 4250 1060 4322 supplicante
1076 4247 1110 4304 ab
1129 4245 1184 4301 alio
1202 4245 1299 4302 addita
1315 4253 1388 4304 suat.
