3038 5048
171 305 211 362 90
512 302 626 356 LIBER
643 301 794 357 SEXTUS.
829 304 973 370 §so-52.

213 477 361 543 'lamen
384 495 471 542 mea
493 481 717 558 exsuperet
738 475 916 541 laetitia.

172 579 226 645 Sic
248 598 344 662 quom
365 599 402 644 se
423 577 558 662 hubent,
580 577 677 644 laeta.

66 683 85 764 5
107 687 144 746 51
256 684 286 746 7.
309 680 422 763 Narro,
445 701 516 746 cum
538 680 675 746 alterum
696 679 781 747 facio
803 700 925 764 nurum,
947 701 969 746 a
990 701 1053 763 quo
1074 681 1235 765 Narratio,
1258 702 1317 766 per

171 804 267 868 quum
300 783 517 866 cognoscimus
550 803 617 849 rem
650 789 782 867 gestam.
842 781 932 860 Quae
965 803 1039 867 pars
1070 782 1187 865 agendi
1218 789 1268 848 cst
1296 802 1318 847 a

18 886 305 955 o-rrssntdicendo
346 905 385 951 ac
425 891 499 951 sunt
533 889 589 949 aut
629 884 795 951 coniuncta
836 903 908 950 eum
950 884 1144 968 temporibus
1180 892 1237 951 aut
1274 886 1352 951 abs

66 993 148 1071 §52
171 990 231 1074 bis,
254 1009 361 1056 eorum
383 988 444 1054 hoo
465 1006 566 1071 genus
594 986 743 1054 videntur
771 984 885 1069 ἔτυμα.
928 987 1028 1052 Fatur
1047 986 1076 1052 is
1099 988 1153 1069 qui
1177 987 1317 1072 primum

171 1092 266 1158 homo
293 1090 536 1173 significabilem
576 1110 631 1156 ore
662 1087 760 1154 mittit
791 1107 912 1155 vocem.
956 1089 1007 1155 Ab
1041 1109 1079 1155 eo
1112 1093 1187 1156 aute
1218 1110 1317 1174 quum

170 1195 216 1260 ita
247 1193 382 1275 iaciunt,
415 1192 505 1276 pueri
539 1191 685 1258 dicuntur
716 1191 875 1274 Infantes3
908 1209 1004 1272 quom
1026 1190 1061 1256 id
1081 1192 1218 1276 faciunt,
1251 1193 1318 1258 iam

171 1295 255 1361 Furi.
299 1295 380 1361 Cum
402 1295 463 1360 hoc
484 1294 671 1360 vocabulum
695 1314 803 1360 eorum
826 1313 847 1359 o
867 1291 1076 1360 similitudine
1103 1293 1208 1378 uocis,
1237 1314 1318 1380 puer

171 1419 210 1464 ac
246 1400 368 1464 Fatuus
404 1395 480 1461 Fari
517 1393 571 1483 [id]
610 1395 696 1462 dicti.
755 1396 806 1461 Ab
842 1396 904 1462 hoo
940 1402 1085 1479 tempora
1121 1396 1207 1478 quod
1249 1403 1318 1462 tum
1340 1410 1367 1460 lo

170 1499 277 1584 pueris
306 1500 498 1566 constituant
524 1499 645 1564 Pareae
674 1497 789 1581 fando,
822 1497 941 1564 dietum
969 1501 1084 1564 Fatum
1115 1504 1147 1563 et
1176 1517 1228 1564 res
1255 1499 1318 1564 no

172 1604 262 1668 tales.
307 1601 358 1668 Ab
381 1602 442 1667 hac
465 1599 577 1667 eadem
599 1621 678 1667 voce
708 1600 762 1682 qui
789 1599 884 1667 facile
910 1603 1031 1685 fantur,
1063 1598 1207 1666 Facundi
1229 1601 1318 1683 dieti,

172 1712 204 1771 et
238 1703 292 1787 qui
327 1703 433 1769 futura
468 1701 720 1787 praedivinando
756 1704 882 1770 soleant
916 1702 991 1787 fari,
1035 1702 1188 1786 Fatidici;
1239 1702 1318 1770 dicti

258 1979 270 2028 1
290 1978 421 2042 exuperet
438 1972 592 2029 GHMaf.
610 2003 645 2012 -
662 1978 678 2027 2
696 1977 784 2042 quom]
801 1974 874 2028 enim
890 1973 1112 2042 Augustinus.
1132 2004 1164 2012 —
1191 1978 1206 2027 3
1224 1981 1318 2042 narro}

171 2058 335 2128 Papinianus
356 2074 400 2128 sp.
426 2058 617 2115 Cassiodorum
640 2060 674 2112 de
696 2060 815 2126 orthogr.
840 2075 900 2128 cap.
925 2063 956 2112 4:
991 2054 1100 2113 ‘narare
1122 2075 1172 2128 per
1195 2076 1281 2113 unum
1304 2077 1319 2114 r

173 2144 315 2211 scribitur,
339 2148 370 2198 ut
386 2145 505 2199 Varroni
521 2146 621 2215 placet.
641 2148 751 2199 secutus
769 2147 811 2198 est
828 2144 899 2198 enim
917 2144 1106 2214 etymologiam
1123 2144 1240 2198 nominis
1258 2145 1319 2199 eius

172 2246 227 2299 quo
243 2245 343 2297 gnarus
362 2230 463 2284 dicitur
480 2230 540 2298 quis
559 2231 604 2298 qui
628 2229 680 2285 scit
703 2229 768 2298 quid
791 2227 866 2297 loqui
883 2228 990 2283 debeat.
1021 2229 1138 2297 deniquo
1156 2230 1319 2299 compositio

172 2314 248 2368 verbi
264 2315 304 2369 itc
322 2315 464 2381 scribitur,
486 2316 627 2383 ignorare,
652 2316 725 2384 quod
742 2330 796 2368 non
813 2330 863 2382 per
880 2314 934 2368 duo
952 2330 967 2367 r
984 2315 1033 2368 sed
1050 2330 1100 2383 per
1117 2330 1201 2368 unum
1219 2316 1319 2370 scribi·

169 2404 229 2467 tnr3
255 2400 318 2455 ideo
341 2404 370 2454 et
392 2401 514 2456 narratio
539 2417 623 2455 unum
646 2401 748 2455 babere
770 2394 867 2454 debet?
902 2399 972 2468 fort.
1001 2399 1040 2453 sic
1058 2417 1139 2468 quom
1162 2416 1192 2454 se
1215 2401 1320 2457 habent

171 2487 252 2552 laeta,
271 2490 427 2541 narrentur.
463 2484 561 2540 Narro.
588 2517 621 2526 —-
647 2489 753 2548 narum]
770 2501 882 2539 narrum
899 2484 995 2551 libri,
1022 2501 1136 2553 gnarum
1154 2487 1320 2555 Augusti-

170 2588 242 2626 nus.
262 2588 323 2626 oum
340 2572 426 2625 altero
445 2571 518 2626 lucio
537 2587 686 2626 sermonem
703 2572 847 2638 Laetus,
874 2578 901 2625 ct
917 2571 1020 2625 inserto
1038 2571 1144 2625 verium
1159 2577 1228 2642 post
1245 2571 1318 2626 facio

171 2657 202 2710 Β.
221 2688 253 2694 --
276 2660 325 2720 est]
338 2656 446 2711 otGH.
465 2687 498 2695 -
515 2672 533 2710 a
553 2657 677 2721 dicendo]
699 2657 862 2725 Ursinus,
880 2656 1032 2711 ediscendo
1045 2655 1164 2722 GHMf,
1183 2657 1218 2710 ab
1239 2658 1319 2712 adia-

171 2743 257 2796 condo
276 2742 298 2794 F
318 2760 362 2813 ap.
388 2740 467 2806 Vici„
484 2743 510 2795 α’
528 2742 661 2810 diogendo
678 2742 736 2810 (sic)
755 2759 780 2811 a,
798 2759 816 2796 a
832 2742 947 2796 iacendo
965 2741 1019 2810 bp,
1037 2757 1054 2795 a
1070 2741 1197 2796 iaciendo
1215 2741 1250 2809 V,
1268 2744 1319 2796 ad-

170 2826 297 2881 iacicnda
314 2831 342 2880 et
359 2828 428 2880 haec
446 2843 516 2895 quoe
534 2831 583 2881 aut
599 2828 623 2881 B
641 2832 668 2881 et
684 2828 699 2857 ¹·
716 2828 762 2882 hio
789 2828 866 2881 deest
892 2827 988 2881 idem.
1014 2826 1085 2880 crede
1107 2826 1216 2881 Desunt
1233 2843 1318 2896 quoe-

171 2913 231 2965 dsm
251 2918 316 2965 crete
332 2911 488 2965 adiicienda
505 2912 602 2965 inserit
618 2912 715 2980 vulg.;
743 2912 865 2966 secundo
887 2911 917 2965 in
935 2928 989 2980 qua
1007 2911 1220 2981 explicabimus,
1247 2929 1320 2982 quae

160 3000 235 3053 ¹sunt
251 2996 286 3050 ub
305 2996 419 3050 dicendo
438 2996 571 3051 Mbller.
606 2993 686 3065 ‘fort
714 3013 785 3066 quac
811 2996 889 3067 infra
906 3013 933 3065 p.
947 3001 1017 3063 90‚9
1036 2999 1165 3066 loquutur
1182 3011 1244 3050 cum
1264 2999 1319 3053 hoc

171 3081 376 3148 vocabulorum,
395 3097 428 3134 ea
445 3079 490 3135 bic
506 3088 572 3137 sunt
587 3081 747 3136 inscrenda:
764 3098 782 3135 s.
799 3082 929 3149 dicendo,
948 3098 981 3136 ac
998 3097 1068 3150 quac
1086 3097 1148 3135 cum
1164 3083 1218 3137 hoo
1235 3098 1317 3137 voco·

171 3168 235 3224 bulo
253 3170 317 3221 sunt
334 3161 394 3220 uut'
415 3166 486 3235 LSp.
506 3167 582 3236 corus.
600 3167 682 3221 etiam
699 3167 813 3222 Emend.
833 3182 906 3236 spec.
925 3182 950 3235 p.
963 3170 1003 3220 11.
1024 3197 1055 3203 -
1074 3170 1089 3219 6
1108 3183 1202 3221 eurum
1219 3167 1319 3237 libri,

171 3269 243 3307 corr.
262 3251 348 3319 vulg.
376 3280 408 3289 -
436 3246 532 3319 ἔτυμα]
549 3251 620 3316 FM,
644 3257 765 3306 ΘΤΗΜΑ
783 3253 803 3319 1,
822 3256 938 3305 θΤΗΝΑ
956 3251 1023 3319 Ha,
1051 3252 1140 3306 locun.
1159 3253 1186 3319 b,
1212 3269 1264 3306 om.
1283 3254 1319 3321 G,

172 3340 308 3393 Laetus.
331 3367 365 3374 -
388 3335 472 3400 fatur]
484 3334 585 3392 ‘malim
598 3337 651 3392 furi
663 3335 775 3393 dicitur'
790 3338 860 3406 LSp.
875 3368 907 3376 -
927 3337 960 3402 is]
972 3336 1074 3391 hisz.
1090 3369 1118 3376 —
1133 3337 1237 3407 primus
1249 3340 1318 3407 ubi,

171 3423 258 3494 primo
277 3422 471 3491 Scioppius.
488 3417 566 3494 ‘sort
579 3423 705 3493 primitus
722 3430 752 3476 ut
764 3423 842 3492 infra
859 3426 939 3492 p.92,
950 3419 992 3478 15²
1007 3423 1078 3492 LSp.
1094 3455 1122 3462 -
1138 3428 1152 3475 1
1165 3423 1265 3479 emittit
1277 3425 1319 3491 M,

171 3510 308 3564 Laetus.
320 3539 351 3547 -
364 3511 378 3560 8
390 3506 554 3572 itsiuciunt]
565 3508 598 3575 G,
610 3507 790 3575 Rholund,
802 3507 843 3563 its
854 3508 959 3564 faciant
971 3509 1085 3564 ceteri.
1099 3539 1126 3546 —-
1140 3513 1155 3563 9
1168 3513 1238 3572 oum]
1247 3510 1319 3577 fort.

172 3597 252 3665 quod.
267 3626 298 3633 -
311 3593 473 3648 vocobulum
485 3599 587 3658 eorum]
599 3594 707 3663 scripsi,
725 3593 922 3648 uocabulorum
938 3594 1037 3661 libri,
1056 3593 1220 3648 vocabulum
1231 3595 1317 3664 vulg.

171 3681 248 3750 conf.
261 3679 298 3734 ad
307 3696 334 3748 p.
345 3684 386 3745 90,
400 3684 424 3733 5.
436 3683 495 3735 tum
506 3681 559 3734 hoc
571 3696 588 3734 a
599 3679 795 3734 uocabulorum
807 3678 983 3735 similitudine
994 3698 1021 3750 p.
1034 3710 1068 3719 —
1080 3684 1106 3743 u]
1120 3695 1170 3732 ocu
1184 3679 1286 3734 onas
1291 3682 1318 3735 b.

172 3798 204 3806 -
222 3772 299 3835 puer]
317 3765 423 3835 scripsi,
441 3763 519 3833 pueri
537 3764 631 3818 libri.
657 3796 689 3803 —
719 3769 749 3819 10
768 3780 801 3819 ac
819 3763 921 3829 fatuus]
939 3782 991 3819 om.
1011 3764 1209 3834 Scioppius.
1228 3797 1262 3804 -
1279 3766 1319 3831 id]

171 3850 257 3906 delevi
280 3866 340 3903 cum
356 3849 427 3920 LSp.
455 3880 488 3888 —
515 3849 591 3913 dicti]
616 3850 730 3921 scripsi,
757 3851 859 3904 dictum
881 3850 975 3905 libri.
1011 3847 1089 3922 ‘sort
1113 3851 1242 3905 dicuntur
1264 3850 1321 3904 nisi

171 3936 247 4004 forte
264 3951 297 3989 ac
315 3934 408 3989 fatuus
426 3934 480 3988 fari
497 3935 526 3988 id
544 3935 647 3989 dictum
664 3932 724 3989 del?
744 3936 814 4005 LSp.
833 3967 867 3973 —
884 3939 1018 4006 tempora]
1035 3935 1171 4005 Popma,
1194 3938 1318 4003 tempore

171 4019 271 4087 libri,
297 4037 348 4074 om.
373 4020 564 4091 Scioppius.
592 4050 626 4060 -
654 4026 684 4076 11
702 4015 779 4091 ‘sort
803 4019 982 4077 constituunt’
1003 4021 1072 4089 LSp.
1101 4052 1132 4058 -
1161 4025 1192 4074 12
1210 4021 1318 4074 abhoc

172 4104 267 4158 eadem
284 4108 358 4172 uoce]
372 4105 443 4176 LSp,
461 4107 497 4160 od
515 4109 584 4162 haec
603 4106 716 4160 eandem
734 4123 829 4163 uocem
846 4107 932 4161 libri
951 4108 1053 4171 (eadem
1065 4105 1136 4169 Hb).
1163 4107 1235 4159 hunc
1253 4110 1317 4176 (pro

171 4188 250 4254 haec)
266 4189 399 4244 Miller.
419 4221 451 4230 —-
472 4196 503 4246 13
522 4195 558 4257 et]
576 4192 608 4260 F,
627 4209 678 4246 om.
696 4191 813 4248 ceteri.
832 4224 865 4231 -
883 4193 973 4248 solent
990 4192 1132 4257 Laetus,
1146 4184 1227 4259 ‘fort
1245 4191 1316 4247 sole-

171 4267 251 4326 bunt’
271 4272 341 4345 LSp.
360 4305 393 4314 -
411 4276 478 4331 dicti
494 4277 563 4346 fort.
581 4275 631 4331 del.
