3038 5048
256 281 316 341 122
580 281 693 336 LIBER
711 281 901 338 SEPTIMUS.
937 283 955 350 ᾖ
973 286 1082 338 14-16.

255 453 368 521 eadem
401 459 434 520 et
465 454 588 522 Sidera.
633 456 733 538 Signa
766 453 852 538 quod
885 452 1007 536 aliquid
1040 455 1219 537 significent
1250 461 1288 521 ιιι
1319 455 1412 521 libra

254 558 498 641 aequinoctium.
542 556 657 625 Sidera
678 558 770 641 quasi
791 557 932 623 insidunt
954 563 1051 639 atque
1073 558 1120 623 ita
1141 555 1324 642 significant
1348 558 1411 623 ali·

255 660 331 744 quid
354 660 385 724 in
409 661 500 726 terris
522 660 700 746 perurendo
730 659 835 725 aliave
865 679 929 742 qua
957 680 1006 742 re,
1038 666 1074 726 ut
1102 660 1228 741 signum
1257 658 1409 726 candens

253 763 286 827 in
308 782 432 848 pecore.

148 867 168 944 ὅ
193 868 231 927 15
339 864 431 943 Quod
453 869 514 930 est:
1431 877 1447 925 o

68 1022 72 1028 .
407 967 620 1032 Terrarum
643 966 833 1032 anfracta
854 963 1043 1049 revisam,

102 1070 440 1136 o.aus1›.¹›Anfractum
463 1073 512 1133 est
533 1066 667 1153 flexum,
693 1070 735 1135 ab
758 1067 879 1151 origine
901 1067 1020 1152 duplici
1043 1068 1180 1153 dictum,
1212 1067 1254 1132 ab
1277 1068 1406 1135 ambitu

189 1250 203 1268 ο
256 1177 287 1237 et
308 1170 498 1254 frangend03
521 1172 563 1237 ab
587 1193 624 1238 eo
647 1172 735 1254 leges
757 1171 867 1236 iubent
889 1169 921 1233 in
937 1170 1056 1237 directo
1071 1170 1188 1255 pedum
1200 1169 1277 1235 VIII
1294 1167 1404 1256 [oium]

255 1291 341 1355 esse,
363 1274 395 1338 in
418 1275 560 1340 anfracto
582 1274 672 1359 XVI,
693 1272 729 1338 id
750 1274 853 1338 estin
875 1270 971 1339 flexu.

149 1381 233 1457 §16
342 1375 476 1441 Ennius:
1429 1387 1459 1438 ιο

1174 1481 1216 1541 ut
1237 1475 1316 1541 tibi

405 1578 564 1643 Titanis
586 1578 729 1644 Trivia
750 1576 910 1644 dederit
931 1577 1097 1663 stirpem
1119 1577 1302 1644 liberum.

255 1681 379 1746 Titanis
401 1681 512 1746 Trivia
533 1681 640 1746 Diana
662 1687 726 1762 est,
748 1681 790 1745 ab
812 1701 850 1747 eo
873 1677 960 1747 dicta
981 1679 1109 1761 Trivia,
1142 1679 1229 1761 quod
1249 1678 1283 1742 in
1306 1677 1404 1745 trivio

255 1783 384 1866 ponitur
404 1784 471 1849 fere
492 1783 525 1845 in
548 1783 675 1866 oppidis
696 1782 836 1866 graecis,
869 1784 923 1848 vel
955 1781 1040 1865 quod
1069 1783 1145 1848 luna
1174 1781 1291 1848 dieitur
1320 1800 1404 1864 esse,

256 1883 394 1964 quaein
417 1885 506 1950 caelo
529 1884 630 1949 tribus
652 1885 714 1950 viis
744 1890 905 1968 movetur,
937 1885 971 1950 in
1000 1884 1201 1950 altitudinem
1232 1890 1265 1950 ct
1293 1883 1457 1949 latita-15

104 2005 224 2056 marsa·
232 2004 248 2055 o
260 1985 368 2050 dinem
391 1992 424 2051 et
445 1986 685 2068 longitudinem.
729 1987 853 2053 Titanis
883 1986 971 2051 diota
999 1985 1085 2068 quod
1115 2007 1186 2054 eam
1216 1985 1328 2071 genuit
1348 1982 1405 2050 *ut

254 2087 288 2153 ni
317 2087 445 2171 plautus
468 2090 562 2173 Lato;
597 2109 651 2174 ea,
685 2096 721 2155 ut
753 2088 863 2155 scribit
894 2088 1059 2173 Manilius,
1093 2093 1142 2155 est
1175 2088 1259 2155 (loeo
1294 2093 1405 2154 creata

256 2189 382 2257 Titano.

343 2381 402 2431 let
419 2378 518 2446 sydera
533 2376 566 2431 F.
593 2408 627 2417 -
652 2377 806 2445 significant
823 2376 862 2431 M.
889 2407 922 2415 —
949 2376 1070 2444 lquasi]
1083 2376 1195 2446 screbat,
1218 2375 1288 2428 idem
1305 2375 1406 2429 suadet

255 2461 375 2517 Reitar
392 2480 419 2532 p.
431 2466 462 2516 88
476 2479 524 2531 sq,
543 2479 611 2530 quae
629 2463 652 2517 si
669 2462 769 2529 libri,
788 2479 858 2530 quac
875 2463 1020 2529 Laetus,
1037 2463 1070 2527 B,
1093 2454 1171 2531 ‘fort
1191 2460 1263 2530 quod
1286 2456 1320 2513 si'
1340 2459 1405 2530 LSp

255 2549 305 2617 qai
329 2547 392 2600 olim
420 2549 492 2616 quod
519 2548 605 2616 quasi.
634 2579 666 2586 -
691 2548 740 2610 ital
768 2548 833 2602 item
859 2546 1002 2614 Mdller,
1034 2546 1155 2601 Reiter
1180 2564 1207 2616 p.
1232 2549 1263 2598 88
1290 2550 1317 2598 et
1343 2548 1404 2598 111.

250 2625 330 2700 ‘fort
349 2648 435 2700 aeque
452 2628 527 2686 item'
542 2634 612 2701 LSp.
633 2663 663 2670 —
682 2637 696 2685 3
716 2633 803 2688 aliave
821 2649 875 2700 qua
891 2637 930 2696 re]
947 2632 1056 2703 scripsi,
1075 2631 1187 2686 aliudue
1204 2645 1287 2698 quare
1304 2629 1405 2698 libri,

255 2715 363 2768 aliudve
381 2717 446 2784 quid
462 2716 506 2770 vel
521 2717 629 2772 aliudve
646 2718 711 2786 quid
729 2734 812 2787 quare
830 2717 952 2772 Reiter
969 2736 996 2788 p.
1015 2722 1056 2770 89.
1076 2748 1108 2756 —
1130 2720 1146 2769 4
1164 2719 1271 2785 pecore]
1289 2717 1405 2784 pectore

255 2799 326 2866 HM,
343 2801 487 2866 Laetus,
506 2803 624 2857 Hectore
636 2804 721 2870 vulg.
741 2834 772 2840 —
792 2806 807 2856 6
825 2801 981 2857 anfractare
993 2802 1082 2856 uisum
1093 2802 1126 2870 F,
1144 2801 1271 2857 anfracta
1282 2799 1405 2854 renisam

256 2884 279 2936 B
295 2884 379 2951 vulg.
399 2885 549 2952 (anfracta)
568 2904 605 2941 ac
623 2886 710 2951 Nonio
729 2904 757 2956 p.
769 2891 826 2941 193.
845 2887 920 2956 coos.
938 2886 1037 2940 Ribb.
1055 2886 1113 2941 nrt.
1131 2903 1157 2940 v.
1167 2890 1226 2940 336.
1244 2916 1277 2924 —
1297 2888 1312 2938 8
1330 2885 1404 2938 viam

251 2974 318 3037 post
334 2967 430 3024 iubent
447 2971 524 3023 addit
542 2971 739 3042 Scioppius,
753 2977 820 3042 post
836 2972 904 3024 VIII
922 2971 1049 3025 Christ.
1073 2971 1144 3039 sort.
1162 2971 1223 3025 uias
1240 2970 1344 3024 iubent.
1368 3002 1404 3010 -

253 3052 363 3120 pedum]
381 3053 519 3122 Laetus,
536 3041 557 3126 'fi
573 3058 606 3125 F,
623 3060 641 3126 p
660 3057 822 3127 plerique.
841 3087 874 3096 —
894 3060 909 3108 9
927 3054 1001 3118 XVI]
1019 3054 1084 3108 XIV
1095 3071 1121 3122 a,
1138 3055 1206 3108 XIII
1222 3055 1248 3108 b.
1268 3055 1354 3110 Gaius
1372 3055 1404 3110 in

254 3137 315 3204 Dig.
329 3135 441 3203 LVIII,
459 3140 492 3194 de
505 3142 596 3195 servit.
609 3142 783 3211 praediorum
795 3142 904 3195 rustic:
921 3136 1000 3193 ‘Viae
1010 3139 1129 3193 latitudo
1142 3140 1246 3208 exlege
1259 3140 1404 3194 duodecim

254 3222 410 3276 tabularum
431 3224 460 3276 in
483 3230 638 3293 porrectum
662 3230 724 3281 octo
747 3228 831 3296 pedes
854 3225 952 3291 habet,
978 3224 1008 3277 in
1031 3223 1199 3292 anfractum,
1224 3226 1327 3290 idest,
1354 3225 1405 3279 ubi

253 3307 356 3362 flexum
374 3312 424 3376 est,
442 3305 575 3364 sedecim'.
594 3343 627 3350 —
648 3317 676 3364 11
692 3313 780 3381 mapa
794 3310 907 3382 placeat
923 3309 951 3363 bi
970 3309 1086 3364 trametri
1100 3309 1179 3364 lamb.
1193 3326 1275 3380 quam
1294 3315 1403 3364 tetram.

254 3392 341 3448 trocb.
368 3395 415 3463 qai
437 3400 477 3447 est
494 3395 570 3465 oprtd
591 3395 688 3449 Ribb.
713 3396 784 3450 Enn.
807 3413 831 3448 v.
851 3398 910 3448 362.
937 3425 971 3433 -
1000 3397 1031 3448 14
1048 3393 1136 3462 grecis
1153 3394 1186 3448 F.
1214 3426 1246 3434 -
1275 3398 1306 3448 16
1324 3397 1355 3447 ut
1372 3395 1405 3449 ni
1463 3431 1472 3437 -

254 3479 346 3549 plaut3
371 3478 407 3541 (b.
426 3496 447 3532 c.
466 3481 586 3550 plautus)
606 3482 662 3548 Fa,
690 3485 722 3536 ut
738 3481 767 3535 ni
784 3480 862 3551 plaut
880 3481 919 3547 M,
944 3483 977 3533 ut
997 3483 1023 3537 ni
1041 3480 1152 3548 plautus
1171 3481 1209 3548 G,
1236 3483 1267 3534 ιιι
1283 3479 1402 3535 Plautus

253 3564 284 3617 in
300 3563 341 3632 H,
369 3567 400 3618 ut
416 3565 446 3618 in
462 3564 560 3621 Plauto
578 3566 645 3635 Vp,
672 3566 765 3620 Titani
786 3565 844 3619 filia
867 3566 955 3634 vulg.
981 3585 1019 3623 aa
1039 3569 1064 3622 B
1089 3568 1159 3637 fort.
1182 3571 1267 3631 recle,
1294 3580 1366 3618 unus
1385 3582 1402 3621 e

253 3649 386 3704 titanibus
413 3653 444 3703 ut
469 3649 497 3702 in
524 3649 623 3705 Plauto
649 3652 793 3717 Laetus,
820 3650 926 3706 Titanis
944 3653 1024 3708 Lato.
1051 3652 1123 3707 Lato
1149 3652 1221 3707 enim
1247 3656 1278 3706 ut
1304 3651 1402 3707 scribit

253 3735 390 3801 Mliller,
407 3734 513 3804 iupiter
531 3734 647 3790 Titanus
666 3737 780 3791 Groth.
804 3730 897 3791 ‘verbu
921 3738 991 3792 mole
1014 3740 1133 3808 repetita
1156 3737 1281 3793 videnlur
1298 3752 1335 3790 aa
1352 3752 1400 3789 so·

252 3818 409 3889 perioriboa
425 3836 452 3888 p.
466 3823 522 3885 121,
535 3824 560 3885 4,
578 3821 632 3873 oiri
646 3822 724 3888 forte
740 3822 820 3876 scrib.
844 3826 876 3876 ut
891 3823 979 3892 iuquit
990 3815 1121 3879 Plautus'
1133 3823 1205 3893 LSp.
1225 3853 1258 3860 —
1278 3826 1308 3876 11
1326 3820 1400 3876 Lato

254 3909 295 3967 ea]
314 3904 357 3959 ael
371 3906 481 3959 Latona
498 3921 531 3959 ea
549 3904 621 3974 LSp,
638 3908 730 3961 latoea
747 3906 779 3972 F,
796 3906 872 3962 latos
890 3908 923 3976 G,
949 3909 1077 3964 latonaca
1093 3924 1120 3975 a,
1146 3907 1241 3962 latona
1258 3906 1284 3973 b,
1311 3905 1400 3975 vulg.

253 4002 313 4040 cram
339 3989 371 4041 B.
408 4019 440 4028 -
476 3988 596 4043 Manlius
622 3989 810 4044 Mommsen.
847 3994 922 4062 coos.
947 3993 1046 4048 Ribb.
1070 3996 1090 4046 t.
1115 3990 1149 4044 f.¹
1175 3991 1247 4044 Enn.
1276 3993 1335 4043 316.
1366 4021 1401 4030 -

254 4072 326 4126 coeo
345 4077 447 4138 creata]
466 4078 610 4129 cocereata
626 4075 773 4142 FGHM,
806 4082 953 4133 concreata
979 4078 1014 4142 V,
1045 4076 1160 4130 roncata
1186 4092 1220 4142 p,
1252 4077 1347 4129 creata
1373 4092 1400 4144 a,

252 4155 396 4224 Laetus,
423 4175 495 4213 corr.
522 4158 656 4214 Mliller.
684 4160 709 4212 si
733 4162 839 4214 autmari
864 4167 942 4226 sont,
968 4161 1002 4215 dc
1025 4159 1121 4216 iambo
1141 4159 1260 4214 maxime
1277 4161 1400 4230 copitar:

254 4240 326 4295 (loeo
344 4245 437 4296 creata
455 4242 583 4309 Titan(o).
