3038 5048
262 295 322 354 134
577 292 692 349 LIBER
709 291 899 349 SEPTIMUS.
935 294 952 358 ἦ
970 295 1079 346 stt-tr.

256 467 343 531 Luca
366 466 424 533 bos
446 467 618 551 elephans;
653 486 708 531 cur
734 465 780 531 ita
807 464 848 531 sit
870 463 971 547 dicta,
1006 462 1130 530 duobus
1160 459 1267 530 modis
1295 463 1416 530 inveni

254 567 417 650 scriptum.
460 588 535 635 nam
566 572 598 635 et
626 566 658 631 in
681 565 820 633 Cornelii
847 565 1075 632 commentario
1104 571 1173 631 erat
1192 565 1243 630 ab
1273 563 1414 648 Libycis

256 670 376 753 Lucas,
410 674 441 735 et
462 671 496 736 in
518 670 644 752 Virgilii
665 669 708 735 ab
730 667 867 734 Lucanis
888 668 1010 750 Lucas;
1044 667 1086 733 ab
1116 688 1154 733 eo
1183 663 1271 749 quod
1293 666 1411 751 nostri,

255 791 326 837 cum
359 771 531 838 maximam
565 769 797 855 quadripedem
831 788 926 852 quam
963 770 1026 853 ipsi
1061 768 1218 835 haberent
1252 777 1412 835 vocarent

255 873 373 940 bovem
404 881 437 941 et
465 875 498 942 in
528 873 665 941 Lucanis
694 872 811 957 Pyrrhi
840 870 926 938 bello
959 871 1096 957 primum
1126 868 1284 938 vidissent
1314 869 1447 954 apudt

104 974 358 1045 rp.arcsn·¹rhostis
381 976 585 1061 elephantos,
619 974 731 1041 eadem
759 975 882 1041 nomine
910 973 988 1040 item
1010 971 1223 1057 quadripedes
1253 979 1411 1038 cornutas

255 1075 343 1160 (nam
366 1096 445 1159 quos
468 1076 580 1144 dentes
601 1077 694 1143 multi
716 1074 825 1141 dicunt
846 1082 918 1141 sunt
940 1073 1081 1160 cornua),
1103 1077 1264 1141 Lucanam
1288 1073 1410 1140 bovem

153 1184 174 1263 ξ
195 1185 235 1246 40
259 1180 345 1262 quod
367 1180 532 1262 putabant,
555 1179 675 1246 Lucam
691 1179 807 1245 bovem
822 1179 1014 1262 appellasse.
1059 1177 1095 1244 Si
1117 1179 1158 1244 ab
1175 1177 1278 1261 Libya
1299 1175 1410 1244 dictae

257 1288 362 1348 essent
389 1283 511 1364 Lucae,
544 1283 679 1347 fortasse
708 1300 750 1346 an
779 1278 954 1364 pantherae
983 1299 1110 1362 quoquc
1141 1283 1173 1344 et
1200 1278 1312 1346 leones
1341 1299 1409 1344 non

256 1383 385 1450 Africae
407 1383 530 1450 bestiae
553 1382 734 1448 dicerentur
762 1381 819 1447 sed
842 1383 965 1466 Lucae;
998 1401 1103 1464 neque
1124 1380 1190 1446 ursi
1210 1379 1318 1464 potius
1342 1381 1407 1447 Lu·
1433 1391 1463 1441 ra

256 1485 327 1552 cani
350 1505 446 1569 quam
469 1484 556 1550 Luci.
601 1481 709 1561 Quare
736 1502 796 1566 ego
823 1484 960 1551 arbitror
989 1483 1095 1568 potius
1118 1484 1221 1549 Lucas
1250 1482 1293 1547 ab
1321 1483 1407 1568 luce,

104 1587 344 1670 (1111111101
359 1588 454 1669 longe
469 1584 656 1651 relucebant
671 1586 979 1669 propterinauratos
995 1585 1101 1671 regios
1123 1585 1263 1669 clupeos,
1287 1584 1409 1665 quibus

259 1708 368 1754 eorum
390 1693 458 1753 tum
480 1692 611 1753 ornatae
635 1693 726 1752 erant
748 1691 859 1754 turres.

153 1794 234 1872 §41
343 1789 439 1875 Apud
461 1788 611 1854 Ennium:

409 1889 555 1959 Orator
576 1890 664 1958 sine
685 1911 785 1975 pace
807 1891 914 1958 redit
934 1891 1102 1977 regique
1124 1892 1250 1958 refert
1271 1911 1362 1959 rem.
1434 1901 1464 1950 15

258 1991 374 2059 Orator
397 1992 500 2059 dictus
522 1993 563 2059 ab
587 1992 744 2076 oratione;
769 1992 823 2076 qui
843 1994 927 2059 enim
949 1996 1049 2060 verba
1071 1995 1248 2060 orationum
1271 1993 1409 2063 haberet

258 2095 386 2180 publice
418 2095 573 2163 adversus
607 2115 679 2161 eum
714 2114 777 2177 quo
813 2096 998 2179 legabatur,
1035 2095 1078 2161 ab
1115 2096 1257 2163 oratione
1289 2095 1409 2166 Orator

257 2198 376 2282 dictus;
411 2219 482 2264 cum
504 2217 555 2264 res
577 2198 678 2264 maior
699 2204 783 2280 crat,
808 2193 972 2284 [anatlioni
994 2198 1183 2283 legebantur
1204 2199 1409 2282 potissimum

258 2301 314 2383 qui
336 2320 466 2366 causam
489 2299 745 2368 commodissime
766 2320 857 2367 orare
879 2306 1036 2384 poterant.
1080 2301 1194 2382 Itaque
1209 2298 1329 2365 Ennius
1345 2304 1407 2368 ait:

258 2555 361 2608 Lucam
379 2554 488 2608 lucusta
504 2555 606 2608 bovem.
631 2569 725 2608 narsus
746 2558 787 2606 cst
803 2551 961 2606 hexameter
979 2553 1138 2607 terminatas
1155 2555 1256 2625 opinor
1274 2558 1408 2617 vocabalo

258 2655 346 2707 quam.
371 2637 497 2693 Sataraii
518 2655 612 2693 narsen
629 2643 727 2709 partes
751 2653 809 2691 essa
830 2637 975 2692 valuerant
996 2639 1141 2706 Muller,
1168 2639 1297 2694 Vahlen
1314 2659 1341 2711 p.
1364 2650 1407 2701 19.

259 2722 530 2777 —1elcfansFG.
557 2754 592 2762 -
618 2739 686 2791 quor
703 2723 742 2791 O,
769 2738 839 2791 quur
852 2738 881 2783 a.
909 2753 944 2763 —
970 2724 1036 2776 tin
1060 2740 1111 2777 ant.
1135 2723 1180 2791 M,
1207 2725 1343 2782 Laetus.
1372 2761 1408 2772 —

260 2807 388 2871 Cornelii]
408 2806 437 2861 C.
455 2808 528 2862 Aelii
545 2809 630 2876 vulg.
648 2824 686 2862 cx
703 2808 735 2861 Β.
763 2837 795 2848 -
822 2807 911 2861 hbicis
929 2808 961 2862 F.
985 2837 1019 2847 —
1044 2811 1060 2861 3
1078 2808 1192 2876 Vergilii
1209 2810 1349 2881 Laetus,
1372 2816 1408 2884 B,

259 2892 381 2959 Verginii
397 2892 483 2960 vulg.
509 2922 543 2930 —
570 2897 684 2958 dquam
701 2891 736 2945 H.
764 2923 797 2931 -
824 2893 1027 2961 quadrupedem
1045 2894 1103 2960 ep.
1131 2924 1165 2934 -
1193 2896 1301 2964 5pyrr'i
1318 2897 1352 2951 F.
1372 2929 1408 2940 -

260 2975 426 3030 helefantus
443 2976 476 3043 F,
504 2975 635 3030 elefantcs
653 2992 680 3044 p.
707 3005 740 3015 -
767 2977 862 3032 eodem
884 2977 992 3031 nomine
1013 2978 1087 3042 item]
1112 2979 1227 3051 scripsi,
1253 2979 1325 3034 idem
1347 2999 1408 3039 non

260 3064 286 3126 (n
310 3059 343 3125 F)
360 3061 425 3115 item
451 3060 545 3124 libri,
576 3061 605 3114 id
631 3064 674 3115 est
699 3061 782 3129 vulg.
825 3057 902 3131 ‘fort
929 3062 1001 3115 idem
1026 3059 1086 3116 dcl?
1115 3063 1187 3133 LSp.
1219 3096 1251 3105 -
1283 3069 1407 3135 quadru-

259 3144 343 3215 pedes
360 3161 387 3214 p.
417 3141 495 3213 ‘fart
514 3145 719 3215 quadrupedem
736 3143 891 3200 cornutam'
911 3146 981 3216 LSp.
1010 3177 1043 3186 -
1072 3148 1239 3214 llucanam]
1257 3145 1335 3220 ‘fort
1354 3155 1407 3208 sed

259 3225 396 3285 lucanam'
416 3231 487 3301 LSp.
514 3229 597 3284 acrba
620 3231 746 3285 lucanam
769 3232 864 3285 bovem
887 3232 959 3300 quod
983 3233 1119 3302 putabant
1136 3250 1187 3289 am.
1204 3234 1344 3306 Laetus,
1371 3239 1407 3309 B,

260 3316 344 3386 vulg.
363 3345 396 3354 —
414 3319 428 3371 8
447 3315 634 3387 appellassent
646 3317 712 3383 GH,
730 3314 864 3386 appellari
876 3331 904 3384 p,
922 3316 1111 3385 appellasseF
1129 3335 1190 3373 cam
1208 3323 1311 3388 octaris,
1329 3325 1407 3392 qaod

259 3400 404 3473 ferendam
421 3402 474 3455 uid.
492 3406 524 3455 at
535 3417 590 3471 par
607 3398 792 3454 anacoluthon
810 3399 919 3454 dictam.
937 3431 971 3440 -
993 3401 1061 3455 libia
1078 3401 1110 3455 F.
1130 3434 1163 3444 -
1183 3409 1214 3459 10
1231 3421 1319 3476 neque
1336 3410 1404 3474 ursi]

261 3487 285 3542 si
302 3487 337 3542 ab
355 3485 475 3540 Lucanis
493 3486 597 3554 dictae,
616 3485 674 3539 ursi
692 3501 740 3540 cur
757 3484 901 3551 Laetus,
921 3488 1003 3553 atque
1019 3486 1078 3540 ursi
1090 3488 1223 3545 Muller.
1244 3521 1275 3530 —
1295 3496 1321 3545 11
1340 3509 1405 3561 ergo

260 3572 292 3639 F,
312 3587 382 3627 corr.
402 3569 492 3625 GHM.
512 3602 543 3610 -
564 3575 701 3625 resarum
718 3570 854 3623 Lachm.
873 3570 1049 3639 auunculi,
1070 3576 1144 3627 1302.
1163 3604 1197 3614 -
1214 3578 1305 3630 tumor
1321 3581 1406 3633 natae

260 3655 294 3724 F,
318 3671 390 3709 corr.
409 3655 595 3723 Bentinus,
622 3654 812 3709 Victorius.
840 3683 873 3692 —
901 3659 931 3709 16
949 3657 1032 3710 verba
1050 3658 1212 3725 orationum]
1237 3663 1323 3717 uerba
1341 3678 1403 3717 ora·

260 3740 362 3794 tionem
387 3740 420 3806 d,
447 3740 599 3795 orationem
621 3745 683 3804 (orn.
701 3739 795 3803 verba)
821 3739 1015 3808 Turnebus,
1041 3743 1125 3798 uerba
1147 3744 1343 3816 Scioppius.
1371 3776 1405 3786 —
1480 3776 1481 3780 ,

261 3826 375 3879 haberet
392 3824 546 3879 orationum
561 3824 600 3889 M,
617 3824 753 3879 Laetus.
784 3824 852 3894 fort.
870 3824 953 3879 verba
970 3824 1075 3883 faceret
1091 3829 1210 3898 publice.
1229 3861 1261 3870 -
1282 3836 1312 3886 17
1330 3831 1403 3900 lege·

260 3907 343 3963 batur
360 3909 393 3976 F,
411 3926 481 3964 carr.
494 3908 658 3978 Scaliger.
676 3938 711 3948 -
730 3912 853 3976 requam
864 3908 899 3962 H.
917 3938 951 3948 -
968 3911 1056 3966 maior
1072 3918 1133 3969 arat
1150 3914 1278 3979 orationi]
1295 3916 1404 3987 scripsi,

260 3993 348 4047 maior
365 3997 426 4048 erat
443 3993 638 4059 Turnebus,
663 3993 750 4048 maim
773 3997 833 4048 erat
850 4010 882 4048 ec
900 3995 1134 4065 Augustinus,
1159 3998 1246 4052 maior
1263 4001 1323 4052 erat
1341 4015 1402 4055 cra·

260 4080 334 4131 tores
352 4078 382 4130 M
388 4078 494 4144 uller,
519 4077 623 4133 maiore
640 4077 748 4132 ratione
764 4077 849 4132 libri
867 4079 1005 4145 (maiorem
1022 4083 1065 4148 G).
1099 4077 1176 4152 ‘fort
1199 4082 1336 4137 intercidit
1354 4085 1404 4139 ali-

262 4160 329 4230 qaid
345 4162 417 4215 aetat
436 4162 518 4230 digna
535 4179 595 4218 esse
611 4157 768 4216 videbatur’
786 4162 848 4231 LSp
861 4180 918 4234 pro
935 4181 990 4234 qao
1009 4166 1107 4221 licebat
1122 4167 1204 4221 ctiam
1220 4165 1323 4220 maiora
1341 4183 1403 4235 ege·

262 4242 310 4295 bat
336 4241 467 4298 oratione.
487 4262 524 4299 aa
539 4246 598 4315 fait
614 4245 701 4304 maior
717 4253 790 4316 crat,
806 4249 844 4304 iei
861 4248 932 4319 leg?
949 4279 982 4290 —
1003 4254 1033 4305 19
1052 4249 1228 4305 commodisse
1245 4251 1268 4304 F
1286 4251 1402 4318 (Groth).
