3038 5048
684 284 819 340 Praelatio.

272 466 307 522 sit
329 478 422 521 neone.
454 474 523 534 quae
545 476 605 518 cum
628 462 761 535 ignorent,
785 460 916 534 sequitur,
940 468 971 517 nt
992 475 1054 518 oum
1076 459 1235 536 analogiam
1254 464 1351 525 dicere

273 547 465 621 nonpossint,
489 546 566 618 sequi
589 562 644 602 non
668 546 821 604 debeamus.
851 542 1067 623 §aa-ow

261 633 291 690 B.
336 630 414 701 Quod
435 629 468 687 ad
489 630 640 688 universam
662 629 804 688 verborum
827 638 951 688 naturam
978 630 1086 694 attinet,
1117 629 1188 689 baec
1216 635 1349 710 attigisse

177 719 257 775 modo
280 717 342 773 33113
364 723 419 779 331,
452 714 525 788 quod
554 715 586 772 ad
615 716 697 790 partis
719 714 837 789 singulas
859 714 1001 780 orationis,
1032 713 1160 790 deinceps
1184 716 1279 777 dicam
1306 762 1313 777 .
1340 762 1348 777 .

177 802 302 860 dividitur
325 801 409 859 oratio
432 799 581 859 secundum
603 808 725 857 naturam
747 801 773 857 in
797 808 925 876 quattuor
946 799 1043 874 partis:

403 884 413 941 l
436 900 505 959 quac
525 883 606 941 habet
627 901 713 949 casus,

394 969 416 1026 ll
438 984 507 1044 quae
529 967 609 1026 habet
631 977 759 1043 tempora,

381 1053 416 1111 lll
438 1069 507 1127 quae
529 1053 609 1111 babet
630 1061 765 1117 neutrum,

381 1137 415 1195 lV
437 1154 505 1212 quae
527 1137 607 1196 habet
628 1148 783 1212 utrumque.

177 1225 223 1281 bas
245 1231 342 1280 vocant
363 1222 470 1297 quidam

446 1305 606 1382 appellandi,
629 1314 661 1363 ut
681 1305 762 1363 lromo
786 1312 814 1363 et
834 1304 940 1370 Nestor,

447 1390 561 1458 dicendi,
585 1399 615 1448 ut
635 1388 725 1447 scribo
748 1398 775 1447 et
795 1388 867 1464 lego,

446 1475 582 1550 iungendi,
605 1483 636 1531 ut
658 1490 720 1548 que,
746 1514 752 1529 .
777 1514 784 1529 .

446 1559 661 1623 adminiculandi‚
685 1568 717 1616 ut
737 1557 816 1615 docte
838 1566 865 1614 et
887 1559 1028 1618 commode
1050 1556 1100 1631 (1).

263 1643 422 1720 Appellandi
444 1653 534 1719 partes
556 1654 620 1701 sunt
643 1652 779 1718 quattuor,
803 1659 817 1700 e
839 1642 899 1717 quis
922 1644 990 1701 dicta
1013 1661 1027 1702 3
1049 1643 1208 1718 quibusdam

384 1730 410 1804 3)
433 1727 622 1804 provocabula,
647 1745 716 1804 quac
738 1736 802 1786 sunt
823 1736 855 1784 ut
876 1729 945 1803 quis,
970 1745 1046 1803 quae,

382 1812 412 1884 b)
435 1811 574 1880 vocabula,
598 1821 629 1870 ut
650 1821 757 1870 scutum
780 1810 830 1888 [ut]
853 1812 979 1887 gladium,

384 1896 410 1970 c)
433 1897 549 1963 nomina,
571 1906 603 1956 ut
623 1896 763 1963 Romulus,
786 1898 893 1964 Remus,

384 1981 414 2056 d)
433 1982 602 2057 pronomina,
626 1992 656 2041 ut
678 1982 729 2049 hic,
753 1981 827 2040 haec.

179 2067 232 2123 duo
260 2065 346 2123 media
375 2067 502 2124 dicuntur
535 2069 703 2132 nominatus,
740 2067 826 2140 prima
854 2075 881 2124 et
910 2075 1025 2124 extrema
1057 2065 1169 2124 articuli.
1216 2069 1339 2141 primum

178 2165 263 2225 genus
291 2160 332 2210 331
359 2151 508 2217 infinitum,
545 2152 694 2211 secundum
722 2161 753 2209 ut
784 2150 932 2216 inlinitum,
970 2151 1079 2208 tertium
1108 2158 1139 2208 ut
1167 2150 1337 2226 [el]finitum,

177 2236 243 2294 haec
256 2235 409 2310 singulatim
425 2236 536 2311 triplicia
552 2254 610 2296 esse
632 2237 739 2301 debent,
763 2235 852 2310 quoad
874 2252 975 2300 sexum,
999 2235 1207 2302 multitudinem,
1233 2253 1337 2297 casum.

177 2323 205 2377 in
227 2321 267 2379 his
290 2322 415 2380 omnibus
437 2331 479 2380 331
501 2321 697 2381 dissimilitudo.

262 2407 340 2465 Nunc
361 2407 495 2464 videamus
519 2405 567 2480 [in]
590 2407 634 2463 illa
657 2405 868 2481 quadripertita:

219 2490 247 2565 a)
267 2492 293 2546 in
315 2492 473 2548 inleineiteis
495 2489 612 2548 articulis
634 2491 709 2548 nulla
731 2499 773 2547 est
794 2489 927 2562 analogia.

219 2573 249 2645 b)
272 2573 306 2629 13
328 2575 508 2632 nominatibns
524 2575 569 2648 qui
590 2575 720 2632 accedunt
741 2574 861 2649 proxime
876 2574 908 2631 ad
923 2573 1106 2647 infinitam**J
1122 2581 1245 2631 naturam
1263 2577 1336 2632 arti-

263 2657 386 2714 culorum
401 2668 482 2733 atque
496 2658 666 2733 appellantur
681 2659 819 2731 vocabula,
844 2667 875 2716 ut
897 2659 987 2724 homo,
1012 2674 1107 2733 equus,
1131 2674 1226 2716 eorum
1246 2658 1335 2718 decli-

263 2741 401 2801 nationum
423 2760 521 2816 genera
543 2752 608 2800 sunt
629 2752 774 2819 quattuor:

488 2831 514 2885 l.
537 2827 700 2892 nominandi,
727 2835 758 2884 ut
779 2823 813 2885 ab
836 2844 906 2901 equo
930 2826 1026 2902 equile,

486 2913 515 2968 2.
540 2909 653 2977 casuale,
677 2920 708 2968 ut
730 2910 763 2968 ab
786 2928 857 2986 equo
881 2927 990 2986 equum,

488 2996 514 3053 3.
538 2994 664 3068 augendi,
688 3004 720 3052 ut
740 2995 774 3052 ab
795 2995 855 3052 albo
878 2995 973 3061 albius,

486 3084 514 3138 4.
538 3080 682 3145 minuendi,
705 3087 736 3137 ut
757 3080 823 3137 cista
845 3079 949 3138 cistula.

183 3167 208 3221 l.
233 3162 386 3220 nominandi
408 3160 428 3241 ξ
451 3165 587 3223 54-62.

331 3247 384 3305 hoo
405 3265 491 3322 genus
513 3248 569 3306 lere
590 3248 708 3323 triplices
730 3248 811 3308 habet
833 3248 944 3315 radices,
969 3249 1043 3324 quod

383 3341 411 3390 et
432 3349 446 3390 a
468 3331 598 3390 vocabulo
621 3334 715 3399 oritur,
739 3342 770 3391 ut
791 3350 805 3390 a
827 3342 954 3391 venatore
975 3329 1145 3398 venabulum,

384 3426 412 3475 et
433 3434 448 3474 a
469 3418 585 3482 nomine,
608 3427 639 3476 ut
660 3435 675 3475 a
697 3416 795 3475 Tibure
817 3417 924 3483 Tiburs,

384 3510 411 3559 et
433 3519 448 3559 a
468 3500 561 3567 verbo,
584 3511 651 3561 uta
673 3501 806 3560 currendo
830 3517 934 3559 cursor.

177 3588 205 3643 in
228 3586 302 3646 nullo
323 3586 420 3645 horum
446 3586 594 3660 analogiam
623 3587 723 3644 servari
744 3585 859 3651 videbis,
890 3601 979 3659 neque
1006 3585 1036 3640 in
1066 3583 1221 3661 compositis
1252 3591 1332 3648 extat,

181 3668 201 3746 ξ
228 3673 364 3732 tto-62.

247 3814 272 3879 *1
290 3815 340 3869 hoc
356 3830 453 3870 nonum
474 3818 652 3880 argumentum
679 3814 783 3879 longius
806 3818 951 3866 enarratum
973 3818 1081 3884 octavo,
1107 3814 1178 3884 quod
1200 3811 1331 3867 vocabulo

176 3887 310 3946 postremo
333 3884 470 3950 indicavit,
497 3883 589 3934 mirum
611 3880 743 3943 videatur;
770 3881 814 3932 illa
834 3897 895 3934 vero
917 3883 1003 3935 omnia
1027 3898 1109 3936 exre
1132 3886 1237 3950 sumpta
1262 3884 1331 3946 sunt,

179 3962 287 4015 qnorum
304 3950 369 4003 illud
386 3957 544 4017 postremum
562 3953 610 4012 est,
628 3950 678 4001 hoo
696 3949 728 4001 de
745 3949 863 4015 personis
881 3965 948 4018 quae
965 3966 1019 4003 rem
1037 3949 1183 4002 tractabant
1201 3949 1265 4016 agit.

231 4014 272 4080 **)
288 4016 347 4068 libri
364 4019 402 4070 od
416 4020 537 4087 finitum,
564 4015 634 4086 quod
651 4017 706 4069 inre
723 4017 833 4068 mutavit
850 4016 1023 4084 Augustinus,
1041 4031 1100 4068 nam
1118 4021 1144 4068 et
1162 4031 1241 4084 supra
1261 4017 1277 4083 ξ
1300 4018 1332 4069 45

178 4081 305 4135 vocabula
327 4088 359 4135 ut
380 4087 518 4149 infinitum
540 4086 658 4138 dicuntur
681 4088 707 4136 31
729 4085 794 4136 111113
813 4086 829 4153 1
848 4088 959 4139 80311111
982 4084 1111 4136 uocabula
1137 4086 1194 4134 rint
1220 4085 1332 4148 infinito

179 4149 301 4216 legimus3
327 4151 419 4206 mirum
440 4155 504 4207 illud
527 4155 594 4220 §45
618 4158 650 4204 ut
671 4150 808 4215 officiium
833 4153 943 4207 13113333
970 4155 1058 4205 natum
1084 4152 1125 4202 est
1152 4164 1184 4203 ex
1208 4151 1332 4204 Varronis

181 4217 307 4270 scribendi
324 4219 424 4273 ratione
443 4226 501 4273 otei
517 4221 668 4284 seinoitum.
