3060 5048
493 1357 531 1424 n.
555 1355 709 1424 noanon
729 1356 915 1425 vnaaoms

415 1496 492 1579 DE
517 1495 748 1580 LINGUA
768 1493 992 1578 LATINA

293 1665 340 1712 AD
363 1665 556 1714 CICERONEM
577 1668 677 1713 LIBER
699 1667 774 1715 VIIII
796 1666 966 1713 EXPLICIT.
988 1663 1114 1712 INCIPIT

677 1802 725 1874 X.

217 1973 243 2032 1.
281 1968 318 2032 ln
340 1969 509 2035 verborum
539 1967 804 2036 declinationibus
833 1964 1003 2051 disciplina
1030 1965 1184 2048 loquendi
1212 1965 1275 2034 dis·
1299 1971 1319 2050 ς
1346 1975 1360 2035 1

130 2067 373 2137 similitudinem
405 2091 446 2136 an
478 2068 718 2136 similitudinem
750 2068 843 2152 sequi
875 2067 1021 2150 deberet,
1056 2068 1147 2134 multi
1181 2089 1276 2151 quae-

129 2170 258 2237 aierunt.
318 2171 397 2238 Cum
430 2173 473 2240 ab
505 2172 556 2239 his
588 2173 668 2239 ratio
702 2191 785 2256 quae
821 2171 864 2238 ab
900 2169 1107 2237 similitudine
1144 2170 1278 2237 oriretur
1286 2189 1403 2242 (rcum
1412 2187 1429 2239 ¹)

130 2278 297 2340 vocaretur
327 2275 492 2360 analogia,
526 2275 650 2358 reliqua
677 2294 753 2359 pars
782 2275 998 2359 appellaretur
1025 2271 1202 2355 anomalia,
1236 2270 1277 2339 de

91 2388 193 2457 equa
229 2395 264 2442 re
293 2374 409 2460 'primo
444 2377 525 2443 libro
563 2395 645 2460 quae
685 2375 866 2444 dicerentur
901 2395 956 2442 our
986 2371 1277 2441 dissimilitudinem

129 2474 243 2542 ducem
265 2475 377 2543 haberi
399 2484 568 2563 oporteret,
591 2477 668 2563 dixi,
691 2476 832 2546 secundo
856 2483 966 2544 contra
988 2495 1072 2560 quae
1098 2473 1277 2542 dicerentur

130 2598 184 2644 our
205 2578 311 2662 potius
333 2579 573 2649 similitudinem
596 2580 781 2648 conveniret
804 2580 975 2665 praeponi3
1009 2597 1143 2662 quarum
1171 2595 1277 2643 rerum

130 2679 216 2759 quod
238 2699 297 2746 nec
318 2679 542 2769 fundamenta,
574 2689 610 2749 ut
632 2682 758 2768 debuit,
792 2681 898 2766 posita
918 2682 960 2749 ab
983 2681 1050 2747 ullo
1072 2698 1176 2763 neque
1198 2677 1276 2745 ordo

130 2800 168 2847 ac
189 2786 318 2864 natura,
351 2789 386 2849 nt
408 2805 459 2852 res
480 2785 638 2869 postulat,
672 2783 839 2870 explicita,
872 2783 943 2868 ipse
971 2784 1039 2850 ciue
1067 2782 1115 2848 rei
1142 2780 1277 2847 formam

79 2895 107 2946 10
131 2902 297 2967 exponam.
350 2886 465 2953 Dicam
488 2884 529 2953 de
552 2891 700 2970 quattuor
721 2886 826 2970 rebus,
849 2906 932 2970 quae
954 2884 1114 2952 continent
1135 2880 1275 2950 declina·
1297 2888 1360 2970 §2

131 2984 232 3052 tiones
261 2987 446 3073 verborum,
481 2987 557 3073 quid
589 2987 631 3054 sit
664 2988 769 3056 simile
807 3009 846 3055 ac
880 2987 1049 3072 dissimile,
1083 2982 1161 3071 quid
1195 2985 1276 3053 ratio

130 3105 224 3168 quam
247 3090 412 3172 appellant
434 3087 545 3175 λόγον,
582 3089 660 3172 quid
687 3089 891 3176 proportione
918 3086 1005 3173 quod
1027 3086 1137 3155 dicunt
1159 3079 1275 3154 ἀνάλο-

199 3357 399 3438 bidellium.
414 3360 580 3409 uARROle
595 3361 636 3409 DE
651 3361 774 3412 [ΙΝΘυΑ
788 3361 912 3411 [ΑΤΙΝΑ
931 3362 978 3411 ΑΒ
996 3359 1192 3410 CICERONEM
1214 3341 1275 3411 iffi.

130 3441 192 3489 υΙΙΙΙ
214 3441 283 3490 θΧΡ.
298 3425 367 3494 iffi.
385 3440 420 3506 X]
437 3440 479 3494 sic
495 3440 528 3494 F.
555 3471 590 3480 —-
616 3446 631 3495 2
646 3436 728 3513 ‘fort
746 3437 891 3499 deberent’
910 3442 982 3510 Lsp.
1006 3471 1041 3481 -
1068 3441 1226 3511 quesierunt
1241 3440 1275 3510 F,

130 3523 408 3590 quaeruntbaetus.
427 3554 458 3562 —
477 3528 492 3576 5
511 3523 636 3581 dicentur
648 3526 681 3595 F,
699 3543 773 3582 corr.
786 3528 899 3583 Aldus.
920 3557 952 3566 -
972 3541 1040 3595 quor
1052 3525 1085 3580 G.
1104 3556 1138 3565 —
1157 3525 1275 3595 lpotius

130 3607 341 3673 similitudinem]
364 3608 487 3676 Aldus,
514 3610 606 3678 potius
628 3611 875 3669 dissimilitudinem
898 3612 930 3666 F.
957 3605 1038 3681 ‘fort
1061 3610 1153 3679 potius
1176 3610 1275 3665 simili·

129 3691 251 3748 tudinem
268 3709 348 3762 quam
366 3687 626 3749 dissimilitudinem'
650 3696 721 3766 LSp.
747 3727 782 3737 -
808 3712 923 3767 querum
946 3711 1019 3750 corr.
1044 3712 1083 3751 ex
1106 3712 1219 3765 quorum
1241 3694 1274 3748 F.

129 3807 162 3816 -
182 3781 197 3832 8
215 3777 318 3842 debuit]
336 3777 428 3832 debita
444 3779 478 3846 F,
493 3779 584 3836 debite
601 3780 635 3848 H,
654 3796 725 3836 corr.
742 3782 831 3850 vulg.
847 3774 928 3850 ‘sort
947 3780 1028 3836 debet
1045 3775 1186 3851 apposIta'
1203 3780 1274 3850 LSp.

129 3892 163 3900 -
181 3866 196 3915 9
214 3867 256 3926 ac]
274 3878 292 3916 a
309 3862 370 3931 Vp.
396 3892 430 3902 -
456 3863 593 3932 explicata
609 3865 635 3919 Η
653 3865 684 3932 (l)
702 3866 741 3935 M,
759 3867 902 3922 Lectus.
929 3895 964 3904 -
992 3870 1022 3920 10
1041 3865 1191 3929 continent]
1209 3880 1274 3920 con-

129 3945 199 4001 tinet
225 3947 290 4014 Ga,
317 3946 493 4002 continentur
518 3949 635 4003 Aldus.
662 3980 695 3988 —
722 3950 929 4014 declinationes]
955 3949 999 4004 ccl
1024 3949 1175 4005 declinatus
1203 3948 1274 4021 LSp,

129 4029 357 4087 declinationibus
374 4032 406 4085 F.
435 4063 469 4070 —
497 4036 528 4086 12
545 4029 643 4105 λόγον]
662 4035 784 4103 Aldus,
812 4035 893 4103 logon
910 4034 942 4090 F.
969 4064 1004 4074 —
1028 4035 1169 4104 proportio
1188 4035 1273 4104 vulg.

128 4114 207 4183 infra
225 4117 241 4182 ς
260 4119 291 4169 37
310 4117 381 4172 ratio
404 4117 588 4186 proportione.
617 4149 650 4158 -
678 4119 742 4187 quid
766 4119 863 4176 dicunt
880 4118 912 4188 F,
936 4134 1007 4174 corr.
1030 4120 1115 4189 vulg.
1143 4151 1177 4160 ——
1203 4113 1273 4178 ἀνά·

129 4201 227 4269 λογον]
245 4214 276 4269 a,
294 4202 391 4272 vulg,
408 4202 544 4273 analogum
560 4201 592 4270 F,
611 4195 768 4274 ἀναλογίαν
785 4203 905 4259 Aldus.
