3038 5048
247 263 288 304 n
753 244 889 299 Praefatio.

250 423 298 482 red
319 423 408 500 ipsum
429 420 521 480 codice
541 437 621 480 usum
642 437 701 480 esse
722 421 823 480 docent
842 419 924 481 verba
945 437 1015 496 quae
1034 437 1051 479 a
1072 420 1153 479 Laeto
1182 421 1336 497 discrepant
1360 463 1368 480 .
1395 464 1406 482 .

249 525 312 566 cun
329 508 546 583 praepositione
566 506 767 580 dicitureulm
785 504 1082 564 sermocinium
1099 506 1254 581 populique
1275 522 1308 564 ex
1330 507 1407 568 male

249 595 351 669 scripto
375 592 504 668 plerique
523 601 617 650 natum
638 607 697 650 erse
718 599 823 648 eertum
844 591 958 649 ridetur.
1002 590 1099 649 Verum
1128 607 1184 650 non
1210 591 1292 649 modo
1320 593 1408 651 dete-

248 679 329 737 rioris
349 687 431 736 notae
451 677 585 740 codicem.
619 674 706 753 qualis
728 684 770 733 est
790 676 830 741 di,
862 676 908 733 sed
937 676 1015 733 etiem
1039 675 1157 733 melioris
1178 676 1284 752 generis
1304 677 1407 737 critico

249 772 344 821 nostro
359 763 379 820 Β
393 770 500 838 praesto
522 761 605 820 inisse
626 760 707 818 docet
722 759 774 823 Vii.
791 763 831 820 90
847 761 936 818 ooude
951 777 1002 834 pro
1016 762 1107 826 mede,
1131 761 1205 836 quod
1221 761 1245 818 u
1260 770 1288 819 et
1301 761 1406 822 Laetus

247 847 388 923 praebent,
411 848 474 905 item
496 847 536 905 52
559 861 684 920 graecum
706 844 865 903 vocabulum
888 837 1019 926 σάτρον,
1041 845 1088 902 ubi
1101 846 1199 903 Laetus
1221 847 1324 904 cordon
1346 847 1404 914 dat,

248 933 283 992 de
311 931 448 1009 quotide
476 929 560 996 inira,
593 929 640 987 ubi
669 946 764 1003 graeca
791 931 849 988 eius
876 930 960 988 critici
989 938 1143 989 censentur.
1186 931 1274 988 Prima
1303 931 1406 990 horum

248 1017 380 1076 librorum
401 1014 483 1073 ruha
500 1013 738 1084 Quemadmodum
836 1015 936 1088 tropus
957 1015 1050 1072 lotirm
1072 1032 1144 1073 unus
1165 1015 1185 1072 Β
1208 1017 1316 1082 omittit,
1340 1016 1406 1075 ior·
1515 1067 1517 1069 ,

248 1111 320 1160 tasse
341 1099 414 1176 quod
436 1099 540 1156 initium
560 1097 624 1156 libri
644 1098 738 1158 colore
757 1100 909 1158 ornandum
929 1107 996 1157 eret.
1040 1099 1070 1156 in
1090 1098 1184 1157 Lucilii
1206 1117 1285 1158 versu
1301 1099 1331 1166 V,
1350 1103 1405 1168 63,

249 1201 329 1263 quem
350 1184 448 1241 Laetus
468 1200 525 1241 non
545 1184 681 1258 integrum
703 1184 789 1243 dedit:

452 1270 495 1326 oie
518 1276 559 1325 eet
579 1270 748 1334 citeriore,
770 1284 822 1326 rror
843 1268 940 1341 socero
962 1269 1059 1325 omnio
1081 1268 1162 1339 copie,

248 1353 296 1412 ubi
318 1352 419 1428 optime
439 1369 533 1412 ornnes
554 1353 661 1412 codices
677 1354 791 1428 repetito
806 1353 937 1411 vocabulo
957 1353 1002 1410 oie
1022 1369 1074 1410 rror
1097 1353 1207 1426 legunt,
1230 1370 1279 1411 our
1302 1354 1335 1411 de
1350 1374 1405 1416 suo

249 1453 323 1512 quoe
350 1454 403 1494 reor
431 1438 589 1505 mutaverit,
623 1439 764 1496 mihi-non
789 1446 904 1496 constat.
951 1437 1017 1504 Vlll,
1041 1441 1077 1498 31
1105 1434 1407 1513 doitieoti'pooulurrr

248 1520 382 1595 'domim
403 1524 442 1581 sio
463 1523 568 1582 omissis
588 1523 671 1598 signis
685 1539 778 1582 omnes
799 1523 864 1582 editi
884 1531 912 1581 et
925 1523 1019 1599 scripti
1032 1531 1139 1598 praeter
1153 1540 1238 1580 unum
1252 1540 1276 1590 a,
1298 1524 1327 1581 in
1345 1543 1405 1601 quo

245 1609 380 1684 poculum
393 1609 500 1666 struet
513 1608 635 1673 domini,
657 1609 677 1666 B
692 1624 755 1667 vero
770 1608 851 1666 verba
864 1609 903 1666 sie
917 1608 1005 1666 reddit
1019 1609 1125 1665 sitienti
1138 1607 1244 1666 domiui
1257 1610 1405 1683 poculum,

249 1702 331 1770 atquo
343 1693 380 1751 ita
394 1692 527 1752 Victorius
542 1702 633 1750 notam
647 1693 673 1749 in
691 1693 709 1749 Β
722 1694 914 1768 interpretatus
929 1702 986 1759 est;
1009 1709 1073 1751 casu
1091 1692 1143 1750 hoo
1157 1692 1258 1752 iactum
1272 1711 1327 1752 non
1343 1712 1405 1756 esse

249 1787 374 1853 apparet;
397 1795 463 1836 usus
478 1786 520 1835 est
541 1778 650 1836 criticus
663 1786 758 1835 noster
778 1778 885 1844 codice,
907 1779 1005 1853 inquo
1021 1778 1113 1835 eadem
1133 1779 1208 1853 signa
1222 1780 1407 1855 suprascripta

249 1870 328 1920 erant
349 1879 418 1936 queo
438 1862 501 1919 ind
521 1870 550 1919 et
571 1863 629 1937 ipse
650 1863 817 1938 transposuit
837 1871 884 1920 ant
905 1863 986 1921 verba
1014 1862 1050 1920 ibi
1073 1864 1233 1938 transposita
1254 1864 1405 1924 invenerat.

336 1945 366 2012 V,
393 1950 451 2006 125
480 1946 617 2014 cartibuli,
651 1949 766 2007 vasariae
792 1964 913 2014 mensae,
947 1949 1024 2022 origo
1047 1949 1204 2023 exponitur,
1238 1951 1404 2021 opoeerdo

249 2032 390 2090 cortitum
414 2039 508 2107 potest
535 2033 654 2100 dictum,
687 2032 734 2089 ubi
755 2031 915 2091 vocabulum
944 2035 1083 2090 cortitum
1109 2033 1240 2109 HVapi
1267 2033 1403 2100 exhibent,

249 2116 420 2175 cortibulum
440 2134 536 2176 sensus
558 2117 660 2192 flagitat
680 2117 761 2193 idque
782 2119 810 2175 in
833 2118 854 2175 G
866 2117 916 2175 Ml>
938 2117 1053 2194 legitur,
1084 2118 1132 2176 sed
1152 2118 1180 2174 in
1202 2118 1225 2174 G
1237 2119 1259 2175 Β
1269 2117 1322 2175 ΜΒ
1345 2136 1403 2175 non

248 2208 354 2278 potest,
377 2202 425 2259 sed
442 2211 508 2276 poet
529 2211 615 2269 extat,
645 2211 676 2261 ut
697 2204 795 2262 Laetus
816 2204 879 2262 inde
900 2203 971 2261 haud
992 2204 1083 2277 inepte
1104 2203 1217 2260 ediderit
1237 2221 1258 2260 o
1278 2205 1402 2277 perereio

249 2287 404 2359 cortitum,
435 2290 510 2345 orde
533 2289 702 2347 tortibulum
726 2295 793 2364 poet
814 2290 931 2356 dictum,
964 2288 992 2344 in
1015 2287 1113 2363 quibus
1136 2288 1270 2346 Victorius
1292 2288 1402 2362 quidem

250 2388 284 2431 ex
304 2370 338 2440 Β,
367 2371 444 2431 cuius
466 2375 607 2448 quaternio
629 2391 702 2432 nuno
723 2373 812 2439 deest,
842 2372 907 2430 nihii
928 2374 1054 2439 mutavit,
1083 2372 1131 2430 sed
1158 2373 1187 2430 in
1208 2389 1240 2432 eo
1262 2372 1327 2428 nihil
1349 2373 1402 2430 nisi

250 2457 389 2514 cortitum
407 2463 508 2531 potest,
529 2466 561 2516 ut
581 2459 609 2516 in
629 2458 650 2525 i,
672 2458 755 2516 fuisse
776 2467 866 2516 certus
887 2475 961 2524 sum;
984 2473 1035 2516 neo
1049 2457 1106 2515 ida
1122 2455 1246 2515 Varronis
1261 2472 1336 2514 more
1350 2455 1403 2512 ab·

250 2541 345 2599 horret
365 2550 398 2600 ut
419 2541 471 2610 Vll,
495 2545 535 2602 58
555 2550 647 2618 potest
667 2544 698 2600 id
720 2545 756 2601 ob
779 2543 909 2609 arbitrio,
932 2542 1005 2601 coni.
1028 2541 1058 2609 V,
1076 2544 1126 2606 21,
1146 2542 1189 2608 Vi,
1207 2545 1256 2608 58,
1273 2543 1323 2606 60,
1348 2543 1399 2607 68,

249 2624 306 2692 vti,
322 2628 373 2686 75.
395 2625 462 2684 illud
480 2634 547 2701 poet
567 2629 591 2683 si
611 2628 671 2702 quis
692 2628 790 2685 doctus
810 2629 838 2684 in
860 2629 952 2686 codice
965 2644 1016 2687 suo
1030 2626 1105 2703 legit,
1127 2626 1204 2686 iacile
1218 2644 1279 2685 eum
1293 2643 1402 2684 movere

249 2719 371 2787 poterat,
404 2720 436 2769 ut
463 2721 568 2769 servato
597 2713 736 2769 cortitum
755 2712 846 2770 locum
872 2712 977 2788 quaicnn
997 2715 1096 2771 Laetus
1123 2713 1180 2770 sive
1208 2713 1241 2770 de
1269 2729 1319 2770 suo
1347 2712 1403 2769 sive

250 2794 318 2852 alius
347 2795 443 2854 auxilio
472 2796 559 2862 dedit,
593 2797 747 2871 suppleret;
781 2796 834 2854 hoc
859 2798 969 2855 invento
998 2814 1064 2853 usus
1090 2797 1245 2853 emendator
1266 2806 1360 2854 noster
1383 2814 1402 2855 o

249 2881 373 2953 parendo
393 2881 568 2954 perdicium,
590 2882 665 2937 uode
687 2881 856 2938 oortr’dulurrr
873 2889 940 2955 port
961 2882 1064 2938 dictum
1085 2880 1164 2936 nobis
1186 2883 1336 2954 suggessit3
1369 2899 1402 2939 eo

251 2972 309 3022 erat
328 2965 452 3039 ingenio,
475 2973 507 3024 ut
526 2965 584 3040 ipse
605 2964 657 3022 hoo
677 2966 858 3039 investigaret
889 2996 931 3007 -
957 2965 1000 3031 vl,
1024 2967 1043 3024 2
1065 2963 1142 3021 locus
1164 2975 1309 3037 corruptus
1331 2966 1359 3020 in
1383 2967 1403 3023 Β

251 3049 291 3107 sio
312 3057 354 3106 est
374 3051 504 3125 scriptus:
538 3066 633 3107 omnes
659 3051 749 3107 cerdo
776 3065 812 3105 eo
838 3050 931 3107 cerdic
958 3050 1003 3106 ito
1029 3048 1169 3105 medocri
1196 3049 1337 3115 tondunt,
1371 3060 1404 3107 ut

252 3135 341 3193 oerdo
369 3135 479 3193 litterae
508 3136 571 3193 olio
592 3142 752 3201 oroumortt,
783 3135 844 3192 olio
865 3135 991 3200 mittant,
1025 3134 1086 3190 otio
1111 3140 1292 3200 commutent,
1320 3142 1351 3191 ot
1371 3136 1404 3210 fit

251 3220 284 3278 irr
312 3221 393 3276 turdo
426 3221 458 3276 ire
491 3221 620 3277 tortorio
637 3260 645 3277 .
664 3221 697 3276 T.
727 3220 860 3277 turdeliee
891 3221 933 3276 sio
966 3218 1138 3276 declinantes
1170 3216 1276 3275 Graeci
1303 3227 1405 3277 nostro

252 3306 370 3362 nomino
390 3305 486 3361 dicunt
507 3304 676 3362 deuoierrum
697 3305 857 3362 Leuoiertorr
878 3313 906 3362 et
930 3303 1090 3375 Quinotium
1114 3302 1265 3374 Quinctios
1288 3313 1314 3361 et
1335 3303 1404 3362 Ari-

252 3389 388 3447 rtorcitort
401 3386 595 3447 Aristarchum
615 3396 642 3447 et
656 3389 751 3448 Diores
765 3389 898 3458 moneor,-
919 3391 961 3446 sic
981 3390 1097 3462 inquom
1118 3391 1289 3448 cousuetudo
1303 3398 1403 3448 nostro

254 3477 345 3532 multo
366 3475 517 3532 declinavit
539 3482 571 3531 ut
592 3492 612 3531 o
633 3483 725 3532 cetere
747 3483 778 3532 ot
800 3475 836 3532 air
857 3476 921 3532 solu
941 3476 1045 3539 solum,
1077 3475 1113 3531 air
1135 3475 1238 3533 Libero
1261 3476 1401 3540 Liberam,

254 3561 292 3617 od
314 3559 436 3617 dendus
457 3559 562 3624 Lares,
596 3575 669 3633 puae
692 3561 794 3616 oirruto
815 3567 953 3617 vetustate
974 3566 1005 3615 ut
1024 3565 1124 3633 potero
1147 3577 1246 3618 eruere
1268 3561 1403 3618 oooobor.

254 3644 338 3703 'iurdi
360 3643 517 3702 vocobulum
542 3659 598 3700 non
627 3643 726 3720 probet
754 3645 828 3719 quod
856 3645 955 3703 dictum
984 3652 1038 3711 est;
1072 3646 1154 3704 trium
1182 3647 1253 3705 enim
1275 3659 1405 3719 generum

255 3729 406 3804 exemplum
426 3729 602 3804 requirimus,
633 3746 706 3787 nuno
728 3729 781 3786 duo
804 3729 923 3787 ciusdem
945 3729 1049 3804 generis
1071 3733 1145 3805 quod
1166 3738 1283 3788 assumat
1302 3727 1403 3783 litteras

254 3812 413 3881 invenimus,
435 3815 483 3873 sed
496 3815 579 3871 Varro
600 3814 658 3888 ipse
680 3815 733 3871 hoc
746 3831 801 3871 non
817 3815 920 3871 videtur
935 3831 1052 3872 curasse.
1084 3816 1128 3872 .T.
1143 3816 1207 3890 quid
1222 3813 1287 3870 velit
1301 3811 1402 3868 nescio.

254 3897 284 3954 in
306 3897 327 3953 G
349 3899 444 3957 lacuna
465 3916 526 3958 cum
547 3900 587 3956 sic
607 3899 739 3957 indicetur
760 3899 826 3963 vlit,
851 3902 906 3958 23:
930 3907 1068 3957 cocorurrt
1359 3897 1395 3951 -T
1396 3937 1403 3951 ·

255 3988 402 4056 utrumque
423 3985 532 4058 (desunt
552 3984 622 4042 enim
635 3983 715 4041 rerba
730 3977 929 4061 ἀνωμαλίαν,
956 4001 1017 4041 oum
1038 3992 1069 4041 ut
1091 4000 1141 4055 epo
1164 3978 1311 4051 arbitror),
1335 3995 1404 4036 oon-

255 4065 329 4124 ficios
345 4066 402 4132 ET,
425 4079 457 4126 ut
469 4071 567 4129 Laetus
581 4076 607 4127 et
622 4070 750 4126 turdorr'o
764 4068 850 4134 dedit;
875 4078 947 4128 certe
962 4087 1018 4127 non
1040 4078 1082 4126 est
1102 4070 1141 4133 ire,
1165 4065 1240 4140 quod
1253 4065 1273 4121 Β
1288 4066 1405 4140 scripsit.

255 4150 380 4210 Latinum
400 4169 499 4213 nomen
521 4154 600 4231 quale
620 4153 710 4221 fuerit,
733 4152 839 4210 nomina
861 4154 947 4220 enim,
972 4171 1026 4212 non
1048 4152 1223 4228 praenomina
1245 4166 1304 4207 csse
1326 4161 1402 4225 puto,
