3038 5048
493 355 606 413 uranu
624 355 798 414 ocuuvus.
834 358 851 426 c
870 360 978 412 11-15.
1253 355 1312 415 sss

167 529 301 595 alteram
325 545 408 609 quae
430 532 583 612 tempora,
606 528 732 596 tertiam
756 546 839 610 quae
859 535 1014 596 neutrum.
1051 528 1102 594 De
1124 526 1174 593 his
1192 529 1313 596 Aristo·

167 631 249 697 teles
272 628 423 696 orationis
446 627 526 696 duas
548 635 656 714 partes
686 649 756 696 esse
779 629 872 712 dicit,
901 630 1059 697 vocabula
1081 635 1114 696 et
1135 629 1250 713 verba,
1279 635 1467 697 utlndolsnr)

169 732 273 799 Homo
302 737 334 798 et
362 731 488 815 Equus,
517 739 550 798 et
577 732 672 814 Legit
699 738 731 798 et
761 731 873 798 Currit.
937 731 1110 813 Utriusque
1134 732 1261 812 generis
1283 738 1315 800 et
1337 733 1357 812 ξ
1382 734 1420 796 12

169 833 318 900 vocabuli
340 837 371 899 et
386 834 477 899 verbi
499 831 657 915 quaedam
671 833 788 917 priora,
812 833 971 914 quaedum
992 832 1184 917 posteriora,
1207 833 1315 918 priora

131 948 146 996 s
168 939 203 1002 ut
224 935 339 1017 Homo,
361 933 488 1018 Scribit,
510 934 688 1019 posteriora
710 940 744 1000 ut
759 935 880 1000 Doctus
903 944 936 1001 et
950 935 1067 1019 Docte;
1090 932 1206 1000 dicitur
1228 936 1313 1001 eninr

167 1037 272 1102 Homo
294 1036 406 1102 doctus
434 1041 467 1102 et
493 1035 612 1102 Scribit
640 1035 742 1102 docte.
787 1035 877 1101 Haec
898 1035 1040 1117 sequitur
1066 1036 1153 1102 locus
1182 1041 1215 1103 et
1235 1040 1313 1102 tem·

167 1158 242 1224 pus,
276 1136 362 1222 quod
383 1155 487 1219 neque
508 1138 613 1203 Homo
641 1155 701 1202 nec
724 1135 841 1203 Scribit
862 1142 969 1221 potest
997 1137 1067 1203 sine
1088 1138 1158 1204 loco
1181 1143 1215 1204 et
1235 1142 1313 1204 tem·

167 1260 245 1324 pore
267 1259 354 1324 esse,
381 1239 429 1306 ita
451 1245 485 1305 ut
506 1239 608 1321 magis
636 1239 678 1304 sit
704 1238 794 1304 locus
815 1238 936 1305 bomini
958 1240 1157 1322 coniunctus,
1187 1245 1314 1324 tempus

169 1342 340 1427 scriptioni.
396 1340 475 1407 Cum
497 1340 539 1406 de
560 1340 612 1406 bis
633 1360 749 1408 nomen
771 1341 812 1405 sit
832 1341 969 1426 primum
992 1377 1034 1387 -
1049 1342 1135 1425 prius
1150 1341 1234 1408 enirn
1256 1361 1311 1408 no·
1334 1342 1354 1420 ἐ
1379 1343 1417 1406 13

118 1456 146 1506 10
168 1465 241 1509 men
264 1447 312 1510 est
334 1462 430 1526 quern
453 1442 588 1510 verbum
615 1444 791 1527 temporale
820 1447 852 1510 et
879 1443 1004 1524 reliqua
1030 1445 1187 1526 posterius
1217 1462 1313 1526 quam

167 1564 283 1612 nornen
305 1551 337 1610 et
358 1545 493 1611 verbum
513 1545 681 1629 -prima
707 1545 804 1627 igitur
831 1545 975 1630 nomina;
1009 1564 1107 1628 quare
1135 1544 1177 1612 de
1204 1565 1312 1612 eorum

168 1645 381 1713 declinatione
403 1665 499 1729 quarn
523 1644 564 1711 de
585 1646 756 1712 verborum
778 1650 853 1713 ante
876 1645 991 1714 dicam.

253 1755 282 1814 5.
318 1748 457 1814 Nomina
485 1747 682 1814 declinantur
710 1753 766 1814 aut
793 1748 828 1812 in
855 1768 963 1814 eurum
991 1770 1096 1817 rerum
1118 1750 1311 1831 discrimina,
1335 1748 1355 1827 ὅ
1378 1751 1419 1812 14

168 1869 301 1933 quarum
323 1850 453 1916 nomine
473 1854 555 1932 sunt,
585 1854 619 1914 ut
641 1848 683 1915 ub
705 1849 873 1916 Terentius
894 1851 1041 1935 Terenti,
1071 1853 1182 1918 autin
1204 1872 1312 1919 earum

117 1964 146 2014 15
168 1952 373 2034 extrinsecus,
396 1968 529 2032 quarum
553 1969 592 2017 ea
613 1950 743 2017 nomina
764 1970 827 2016 non
850 1957 931 2034 sunt,
958 1959 992 2018 ut
1014 1954 1055 2018 ab
1078 1971 1160 2035 equo
1184 1954 1468 2037 nquius-orno

167 2053 205 2118 In
227 2073 285 2118 sua
307 2052 492 2118 discrimina
513 2051 712 2119 declinantur
740 2055 796 2117 ant
817 2058 947 2137 propter
976 2054 1076 2139 ipsius
1098 2056 1145 2121 rei
1166 2061 1314 2122 naturam

169 2154 210 2220 de
238 2173 302 2238 qua
333 2151 448 2219 dicitur
481 2160 537 2220 uut
564 2159 693 2238 propter
719 2153 806 2220 illius
836 2153 891 2234 qui
920 2152 1007 2219 dicit.
1051 2156 1185 2239 Propter
1212 2155 1314 2240 ipsius

168 2255 215 2322 rei
247 2255 430 2321 discrimina
460 2261 515 2321 aut
549 2256 590 2320 ab
624 2261 691 2321 toto
726 2251 794 2341 [aut
820 2277 839 2318 a
868 2265 972 2338 purte.
1004 2255 1053 2318 Ab
1083 2253 1169 2339 totu]
1204 2262 1238 2322 ut
1270 2257 1313 2322 ab

169 2357 296 2424 homine
318 2357 546 2439 Homunculus‚
568 2356 610 2421 ab
634 2357 738 2440 capite
762 2356 958 2441 Capitulum3
989 2362 1118 2441 propter
1139 2355 1313 2422 multitudi-

116 2471 145 2522 ru
167 2480 251 2543 nem,
274 2465 308 2524 ut
329 2460 371 2525 ab
393 2459 521 2525 homine
535 2457 703 2539 Homines;
727 2459 769 2524 ab
793 2478 831 2525 eo
854 2458 940 2541 quod
962 2457 1019 2524 ulii
1041 2457 1150 2524 dicunt
1165 2457 1313 2526 Cervices

167 2567 199 2627 et
221 2560 255 2625 id
271 2559 437 2626 Ortensins
458 2560 492 2625 in
513 2561 669 2645 poematis
687 2557 813 2626 Oervix.
873 2559 964 2640 Quae
986 2579 1007 2624 a
1027 2565 1120 2643 parte
1142 2559 1312 2644 declinata,
1334 2563 1354 2642 ξ
1380 2565 1418 2626 15

166 2667 222 2728 aut
244 2684 265 2729 a
286 2682 435 2747 corpore,
465 2666 500 2727 ut
521 2682 542 2727 u
562 2681 701 2726 mamma
723 2661 934 2737 Mammosam,
964 2682 985 2727 a
1013 2681 1109 2728 manu
1129 2662 1312 2746 Munubria3

252 2831 284 2885 F.
303 2830 350 2886 fol.
371 2835 402 2886 19
420 2830 499 2886 uerbi
517 2871 523 2885 .
543 2829 681 2901 Quaedam
700 2871 706 2885 .
727 2869 733 2884 .
752 2830 839 2886 lector

167 2968 312 3024 Laetum
330 2967 378 3038 qui
396 2972 496 3035 cesus),
515 2983 600 3037 copus
612 2967 644 3021 F.
663 2997 697 3007 -
717 2973 728 3022 1
744 2967 859 3022 alterum
870 2966 904 3034 F,
922 2982 994 3020 corr.
1007 2966 1138 3021 Laetus
1156 2981 1216 3020 oum
1228 2965 1260 3020 B.
1278 2995 1313 3006 —

165 3053 249 3110 tertio
265 3053 299 3122 F,
316 3052 428 3108 tertium
445 3051 484 3120 M,
508 3067 578 3106 corr.
597 3051 733 3106 Miller.
751 3082 784 3091 -
804 3056 819 3105 2
837 3055 869 3106 ut
886 3052 1011 3107 ethome
1029 3055 1057 3106 et
1074 3067 1160 3120 equus
1176 3049 1243 3121 legit
1259 3050 1314 3122 Vp

165 3138 302 3215 (vocabuli
316 3142 345 3193 et
363 3137 488 3193 traiectio
506 3152 544 3191 ex
561 3135 621 3193 cod.
639 3136 662 3190 F
680 3137 820 3208 scripnura
838 3142 900 3191 orta
917 3141 957 3191 cst
975 3137 1003 3190 in
1021 3153 1075 3207 quo
1092 3141 1212 3208 propter
1234 3153 1314 3191 mem-

802 3225 831 3276 et
853 3223 938 3277 nerbo
960 3226 991 3277 ut

801 3291 882 3344 homo
905 3294 933 3345 et
955 3305 1040 3358 equus

167 3377 181 3426 5
194 3374 292 3429 dectus
304 3376 340 3436 et]
349 3378 416 3443 post
427 3371 494 3427 baec
507 3374 588 3429 verba
599 3373 623 3427 F
636 3373 664 3427 iu
676 3372 800 3444 marpirw
810 3372 891 3429 babet
900 3373 994 3428 additu
1004 3373 1049 3427 hic
1059 3388 1135 3428 error
1143 3388 1198 3428 non
1210 3387 1313 3442 paruus

166 3474 237 3511 marr.
250 3457 408 3514 arctarer.
427 3488 460 3497 —
478 3462 494 3512 6
507 3460 535 3513 et
545 3458 622 3512 locus
635 3461 663 3513 et
674 3457 813 3513 Laetus.
827 3488 860 3498 -
873 3463 887 3511 1
901 3459 1005 3522 scribit]
1018 3457 1054 3526 H,
1066 3457 1212 3524 Laetus,
1230 3456 1314 3512 scribi

165 3542 198 3596 F.
218 3571 250 3581 -
269 3546 378 3610 liquem
395 3541 430 3596 H.
448 3573 481 3581 -
502 3547 533 3597 10
545 3543 695 3611 temporale
708 3585 714 3597 .
729 3543 860 3598 .verbnm
872 3560 923 3598 om.
938 3542 1023 3599 GHe.
1042 3539 1120 3611 ‘fort
1138 3541 1189 3596 del.
1207 3544 1313 3610 tempo·

164 3622 234 3682 rnle'
254 3625 323 3694 usp.
342 3655 376 3664 -
395 3630 425 3681 11
439 3630 475 3691 et]
492 3627 559 3696 fort.
573 3626 625 3681 del.
638 3628 678 3682 sic
689 3632 793 3682 mutata
806 3629 1025 3700 interpunctione
1036 3626 1185 3696 temporale
1203 3630 1231 3681 et
1247 3625 1313 3680 reli·

166 3728 228 3782 qno,
245 3710 382 3780 posterius
400 3727 480 3779 quum
497 3726 595 3766 nemen
611 3713 731 3766 verbnm.
750 3741 783 3752 —-
803 3717 835 3767 14
848 3713 970 3780 Terenti]
989 3708 1067 3782 ‘fort
1081 3703 1223 3766 Terentio'
1241 3710 1311 3780 LSp.

163 3800 319 3860 -earum1
338 3795 410 3864 LSp‚
428 3811 462 3850 eo
477 3811 521 3850 ree
539 3796 638 3864 FGM,
655 3813 690 3852 ea
705 3813 737 3852 re
754 3797 813 3866 He,
832 3813 878 3852 eas
896 3813 940 3852 res
952 3797 1000 3868 Vp
1018 3798 1157 3851 Laetus.
1176 3824 1209 3833 —
1229 3798 1259 3848 17
1278 3796 1313 3850 de

166 3898 219 3952 qno
236 3881 268 3949 F,
296 3897 368 3936 corr.
386 3879 606 3937 Vertronins.
635 3911 669 3920 -
697 3885 728 3936 18
746 3886 795 3937 out
812 3897 831 3936 o
847 3885 927 3951 purte
950 3882 985 3936 ab
1009 3883 1067 3936 teto
1085 3879 1147 3934 add.
1166 3879 1252 3948 vulg.
1279 3909 1313 3919 -

168 3971 200 4021 19
218 3966 368 4036 capitulum
385 3968 434 4020 unt
450 3970 563 4036 propter
580 3965 641 4036 Vp.
669 3996 701 4005 -
730 3969 759 4019 21
780 3970 808 4021 et
825 3965 863 4030 id]
886 3961 959 4032 ‘sort
978 3964 1044 4020 lecit
1064 3965 1107 4020 vel
1123 3957 1222 4019 edidit'
1240 3963 1311 4036 LSp.

166 4052 257 4106 malim
269 4051 359 4106 delere
371 4054 399 4106 et
409 4050 452 4104 ool
463 4052 503 4105 sr'c
515 4057 709 4123 transponere.-
726 4049 762 4105 ab
780 4065 813 4105 eo
831 4052 904 4120 qued
921 4050 969 4105 alii
980 4048 1076 4106 dicunt
1088 4049 1207 4105 ceruices
1220 4048 1313 4104 ceruix

165 4137 196 4190 id
214 4136 356 4192 Ortensins
373 4135 402 4189 in
419 4134 562 4205 poematis.
589 4163 622 4173 -
649 4135 804 4191 hortensius
823 4135 891 4191 GH.
910 4135 947 4205 σί
966 4135 1000 4202 X,
1019 4139 1061 4190 18.
1078 4131 1184 4190 ‘Verba
1200 4139 1313 4205 propter

167 4221 392 4278 multitudinem.
413 4260 419 4273 .
439 4219 531 4275 cervix
552 4235 652 4290 parum
676 4225 772 4292 aptum
796 4221 883 4276 locum
905 4218 1010 4274 teueut’
1031 4219 1100 4290 LSp.
1130 4250 1160 4259 -
1187 4236 1206 4275 e
1222 4224 1311 4290 perte]

167 4310 231 4376 apte
248 4305 280 4359 F.
299 4335 332 4345 -
351 4309 383 4359 22
400 4305 552 4368 manubria]
570 4304 730 4360 manubrioe
747 4306 780 4374 B,
797 4303 941 4360 manubiae
959 4305 1048 4374 vulp.
1069 4301 1144 4376 'sort
1162 4300 1309 4360 munuarll'

167 3256 270 3311 bracae
302 3255 439 3325 defectum
468 3256 509 3310 cic
540 3261 581 3309 est
614 3256 759 3327 sareptam:
1215 3259 1251 3310 et.
1280 3284 1314 3294 —
