3038 5048
667 276 704 331 lle
720 277 787 331 libro
806 277 856 331 vd.
1262 294 1335 334 xum

181 457 272 515 dacter
286 456 407 520 mutavit,
430 453 492 510 milri
509 453 583 528 quod
601 453 645 509 alii
666 453 717 508 iam
731 453 857 510 viderunt
878 454 912 509 dc
932 453 969 509 iis
992 468 1050 509 esse
1071 453 1177 511 ridetur
1198 451 1258 510 loco
1281 471 1331 513 suo

181 544 331 601 detractum
352 548 381 597 ct
401 555 481 613 supra
504 538 659 612 ponendum
682 544 739 592 tom
761 539 795 594 dc
816 539 853 593 iis
875 551 957 610 qaae.
988 535 1063 604 Quae
1077 546 1229 613 sequuntur
1243 540 1332 598 minus

180 625 268 702 probe
282 626 440 687 dictasunt,
464 639 526 679 cam
546 622 591 678 lois
613 623 683 679 enim
706 623 780 696 quod
802 621 938 697 praecedit
958 621 1104 695 significem
1128 621 1210 680 hebes
1230 623 1327 696 igitur:

180 723 213 772 ut
233 727 303 787 quae
324 726 386 767 cum
407 709 438 765 iis
460 725 529 782 quae
557 723 619 764 cum
646 706 814 781 temporibus
841 716 906 764 suut
935 707 1079 765 coniuncta
1107 707 1162 765 sint
1190 708 1333 767 coniuncta

180 798 338 868 adiungam3
372 793 460 868 aptior
486 792 601 850 fortasse
629 791 716 849 oratio
744 791 829 850 altero
858 791 1009 848 coniuncta
1033 793 1137 860 delct03
1172 793 1332 868 requirimus

180 879 336 957 simpliciter
356 887 386 936 ut
414 878 486 942 Vl,l
512 893 585 951 quac
606 893 669 932 com
690 878 860 950 temporibus
880 878 951 951 fiant
973 885 1023 934 aot
1044 879 1184 945 dicautur,
1206 886 1237 934 at
1259 895 1332 953 quae

180 974 228 1023 aut
254 965 328 1041 quod
356 963 424 1020 inira
445 963 497 1028 Vll,
522 965 561 1022 80
586 976 658 1034 quac
687 969 814 1034 tempora
842 961 1055 1036 adsipoificartt,
1088 970 1119 1019 at
1146 978 1227 1037 qaae.
1273 964 1331 1021 Non

181 1052 239 1109 sine
260 1065 339 1108 causa
360 1065 424 1106 vcro
447 1056 522 1105 cavet
542 1047 660 1122 scriptor
674 1063 689 1104 a
703 1046 835 1104 calumnia
856 1047 910 1105 huc
930 1047 1016 1105 aliena
1038 1064 1099 1105 esse
1120 1049 1245 1112 immixta,
1270 1066 1331 1107 nam

181 1136 234 1194 rari
262 1135 331 1193 hanc
359 1132 504 1192 verborum
533 1133 720 1207 cognationem
742 1130 906 1206 intelligent,
939 1141 970 1190 ut
992 1133 1053 1190 talia
1075 1143 1255 1208 concoquant.
1299 1135 1331 1191 ld

180 1230 213 1278 ut
233 1227 361 1295 appareat
381 1228 409 1276 ct
431 1217 557 1275 Varronis
579 1235 645 1274 usus
667 1217 695 1272 in
723 1217 810 1292 poetis
839 1217 978 1275 laudandis
1006 1218 1199 1294 perspiciatur,
1234 1218 1331 1277 horum

180 1307 289 1363 uomina
309 1313 337 1362 ct
357 1302 487 1361 vocabula
508 1318 577 1378 quae
599 1301 766 1377 explicantur
794 1319 826 1359 ex
852 1303 946 1360 ordine
973 1302 1027 1361 huc
1048 1312 1176 1378 congesta
1196 1304 1329 1371 iuvenies;

180 1408 279 1448 nomeu
301 1388 348 1448 uhi
370 1389 453 1454 deest,
476 1397 523 1445 aut
544 1388 566 1444 is
589 1387 635 1461 qui
656 1388 801 1462 praecessit
823 1397 870 1444 aut
890 1387 992 1445 Ennius
1013 1388 1192 1463 intelligatum
1220 1389 1331 1447 verbum

180 1477 254 1551 quod
275 1475 420 1551 exponitur
440 1473 525 1549 prima
545 1473 646 1530 maiore
667 1472 755 1530 littera
777 1472 956 1552 exaravimus3
978 1475 1095 1550 primum
1108 1473 1191 1548 igitur
1210 1473 1243 1531 dc
1264 1475 1331 1533 locis

180 1559 200 1636 ἐ
588 1643 728 1715 incipiam
748 1641 823 1698 laiac.

385 1744 458 1784 aaut
480 1728 533 1783 erit
556 1742 635 1798 quem
658 1735 687 1783 ta
709 1728 788 1784 tolles
809 1730 840 1784 io
862 1729 979 1785 caerula
1001 1729 1075 1785 caeli

389 1812 504 1884 Templa
527 1853 533 1866 .
558 1851 566 1867 .

386 1897 459 1969 qaod
481 1903 521 1951 est
543 1897 621 1969 apud
642 1892 755 1950 Accium
777 1934 809 1952 ..
834 1895 930 1953 Polum
953 1939 983 1953 ..
1007 1896 1110 1955 Sidera
1133 1941 1140 1955 .
1164 1942 1170 1955 .

386 1981 461 2052 qaod
482 1987 523 2035 cst
545 2022 552 2036 .
577 2023 582 2035 .
607 1979 745 2051 Anfracta
769 2022 775 2034 .
800 2021 806 2034 .

386 2064 496 2120 duatus
519 2104 557 2121 ..
584 2064 692 2120 Titanis
717 2065 814 2121 Triuia
837 2105 876 2121 ..

386 2166 402 2204 ο
424 2157 521 2205 sancte
544 2149 643 2221 Apollo
666 2151 713 2223 qai
739 2149 904 2206 Umdt'lt'cam
925 2158 1030 2206 certam
1051 2159 1191 2209 terrorum
1213 2154 1332 2211 adtinet.

388 2233 528 2289 Pacuuius
553 2233 712 2305 Calydonia
735 2275 741 2289 .
766 2275 773 2291 .

387 2319 453 2375 dcci
476 2317 625 2390 Mystico.
650 2359 658 2376 .

386 2403 463 2459 Errat
485 2403 673 2477 Areopoot'tac
696 2445 704 2459 .
727 2443 735 2459 .

385 2505 483 2544 musac
505 2503 579 2562 quac
597 2489 718 2561 pedibas
739 2503 870 2560 maroam
891 2488 1012 2561 pulsatis
1037 2485 1193 2561 Olympum.

386 2575 470 2645 quasi
492 2574 529 2646 (i)
553 2574 765 2646 Hellespontum
786 2581 812 2628 et
836 2573 969 2630 Claustra

385 2657 477 2715 Pacui
500 2699 507 2714 .
532 2699 539 2715 .
561 2656 651 2730 Aeaco
674 2657 759 2714 Freto

384 2741 473 2814 ferme
495 2743 616 2799 aderaut
637 2739 764 2816 Aequore
785 2743 816 2799 itt
838 2743 896 2800 olto
920 2743 1039 2800 dalilae
1061 2743 1232 2815 repentinus.

471 2828 528 2885 Hic
550 2829 625 2884 deest
646 2828 677 2885 ia
699 2828 856 2902 cacmplari
877 2829 978 2900 solium
1000 2827 1024 2886 1.

181 2912 247 2971 hacc
263 2912 352 2970 omnia
366 2911 489 2971 locorum
504 2921 569 2971 sunt
582 2912 725 2977 vocainim
749 2929 810 2970 nam
832 2930 939 2986 aequor
959 2914 1018 2973 iure
1039 2914 1092 2973 huc
1113 2912 1206 2971 referri
1229 2924 1331 2990 potest,

181 3000 253 3056 ratis
275 3013 339 3056 vero
362 2999 503 3056 occasione
524 2999 585 3055 data
605 3006 638 3055 ut
658 2996 720 3055 alibi
741 2998 834 3055 similia
856 2998 984 3056 additum.
1027 2999 1058 3056 lu
1079 3000 1175 3057 lacuna
1204 3002 1333 3058 transitus

181 3092 240 3142 erat
262 3085 295 3142 ad
316 3085 461 3142 secundam
482 3093 599 3158 partem,
623 3084 656 3140 ad
678 3100 710 3141 ea
731 3098 802 3160 quac
823 3084 850 3139 in
872 3083 939 3140 locis
960 3092 1041 3158 sunt,
1063 3094 1091 3142 et
1111 3087 1162 3141 iam
1185 3085 1227 3145 hic
1248 3088 1334 3144 mira-

181 3167 252 3226 beris
274 3168 401 3227 Varronis
422 3167 560 3226 fiduciam:

386 3294 394 3311 .
418 3293 427 3311 .
449 3254 573 3326 derectis
596 3293 604 3308 .
628 3293 636 3310 .
658 3252 770 3324 Insulas
793 3252 945 3309 Comatam
968 3294 976 3311 .
999 3293 1008 3311 .

385 3354 483 3394 macac
505 3354 576 3412 qaas
597 3345 753 3394 meruerant
777 3378 784 3393 .
808 3378 816 3394 .
838 3353 899 3393 csse
922 3337 1068 3395 Camenas.

385 3432 492 3481 ceteros
514 3438 647 3480 camenas
672 3420 790 3479 Cascam
810 3437 869 3477 rem
891 3423 954 3479 uolo
972 3423 1100 3497 profari.
1138 3475 1141 3478 .

388 3509 466 3581 apud
487 3506 627 3565 Lucillam
649 3547 657 3564 .
681 3547 689 3564 .
712 3505 848 3580 Amdaces
872 3547 879 3563 .
903 3548 910 3564 .

387 3594 465 3666 apud
491 3591 632 3651 Valerium
652 3590 795 3649 Soranum
816 3632 824 3649 .
849 3631 856 3648 .
879 3590 988 3665 idacio
1011 3633 1018 3649 .
1043 3631 1051 3650 .

387 3678 418 3734 im
439 3675 521 3736 Medo
544 3718 552 3735 .
576 3718 584 3735 .
609 3676 792 3734 Camilla..

388 3763 466 3835 apud
487 3759 611 3820 Enniam
632 3761 738 3820 Sedula
763 3803 770 3818 .
793 3802 801 3818 .

386 3847 515 3903 ocrsidus
537 3862 606 3919 quot
628 3848 694 3905 olim
715 3846 811 3903 Fauni
837 3844 973 3919 latetque
996 3844 1143 3901 comedant.

388 3946 507 4004 corpore
532 3931 685 3988 Tartariuo
706 3938 848 4004 propriata
871 3930 983 3987 Paluda
1005 3930 1114 4001 oirapo.

389 4014 509 4073 Plautus
529 4014 638 4088 Epeorn
659 4016 822 4090 Fumificom
846 4057 853 4072 .
877 4056 884 4071 .

389 4102 467 4174 opud
488 4098 627 4156 Naevium
649 4140 657 4157 .
681 4143 687 4156 .
711 4102 819 4157 Lucam
842 4142 849 4158 .
874 4142 881 4158 .

388 4187 466 4258 apud
486 4184 609 4243 Ennium
633 4183 768 4242 Orator.
792 4225 800 4242 .
