3038 5048
187 265 226 325 26
521 262 633 318 LIBER
651 261 818 330 QUINTUS.
854 263 1000 330 §ot-65.

187 434 554 525 Quffifflpcire?
598 435 672 521 Ipsa
693 434 836 501 Victoria
858 433 900 500 ab
924 453 962 500 eo
992 431 1078 518 quod
1100 431 1241 518 superati
1264 431 1337 498 vin·
1441 426 1442 429 ’

187 540 320 606 ciuntur.
363 536 488 618 utrique
515 536 606 604 testis
634 536 741 622 poesis
770 535 856 619 quod
885 542 918 603 et
939 535 1080 602 Victoria
1102 540 1134 602 et
1155 536 1263 602 Venus
1286 535 1335 601 di·

188 643 268 709 citur
283 639 464 724 caeligena3
488 639 598 706 Tellus
614 638 698 707 enim
721 637 806 721 quod
820 638 924 724 prima
938 639 1046 705 vincta
1061 637 1168 719 Caelo,
1192 636 1336 703 Victoria

188 764 230 811 ex
253 762 300 810 eo.
335 739 410 809 ideo
431 740 514 807 haec
535 760 606 806 cum
629 760 745 806 corona
767 747 799 808 et
813 739 931 825 palma,
955 738 1041 820 quod
1062 759 1179 806 corona
1192 737 1335 804 vinclum

188 844 301 931 capitis
324 850 356 910 et
377 843 448 928 ipsa
469 863 490 908 a
511 842 655 909 vinctura
676 843 791 909 dicitur
811 841 892 908 vieri
914 836 975 925 [est
989 836 1127 926 vinciri];
1157 860 1178 907 a
1200 858 1263 923 quo
1286 845 1367 908 esto

187 947 221 1013 in
243 947 322 1015 Sota
343 944 443 1011 Enni!

316 1046 435 1112 Ibant
456 1045 602 1111 malaci
624 1045 738 1114 viere
759 1044 972 1112 Veneriam
995 1044 1199 1112 corollam.

48 1171 79 1221 (p.
88 1169 113 1211 n
123 1165 181 1221 spu
190 1150 336 1217 Palmam
352 1145 438 1229 quod
453 1168 493 1214 ex
508 1154 642 1232 utraque
663 1154 754 1232 parte
769 1155 884 1213 natura
904 1148 1013 1214 vincta
1026 1146 1125 1213 babet
1140 1146 1233 1231 paria
1246 1146 1337 1215 folia.

85 1258 104 1338 ξ
127 1260 166 1322 63
191 1254 311 1318 Poetae
334 1250 375 1316 de
398 1250 487 1315 caelo
510 1248 595 1329 quod
617 1268 726 1316 semen
740 1248 869 1332 igneum
891 1247 1045 1315 cecidisse
1068 1247 1177 1314 dicunt
1196 1249 1231 1315 in
1246 1270 1338 1317 mare

190 1375 229 1422 ac
256 1359 364 1419 natam
393 1371 411 1418 e
441 1351 562 1435 spumis
590 1350 762 1434 Venerem,
795 1349 1013 1418 coniunctione
1044 1350 1127 1435 ignis
1161 1358 1193 1418 et
1224 1351 1340 1419 humor
1362 1363 1389 1414 to

190 1475 286 1538 quam
315 1453 435 1520 habent
462 1452 529 1520 vim
557 1451 737 1535 significant
765 1470 835 1519 eone
863 1451 1004 1519 Venerio
1052 1472 1163 1537 aqua
1191 1453 1224 1520 vi
1251 1453 1338 1520 natis

189 1557 277 1624 diota
298 1556 373 1622 Vita
394 1561 427 1621 et
447 1553 528 1620 illud
550 1572 570 1617 a
592 1553 730 1620 Lucilio:

310 1658 378 1724 Vis
394 1655 572 1740 estrita,
594 1654 730 1722 vidos?
755 1655 1336 1741 visnosfaoereomniaoogit.

88 1768 108 1846 ξ
132 1768 172 1829 61
194 1760 300 1839 Quare
322 1758 408 1843 quod
430 1758 553 1826 caelum
575 1756 779 1842 principium,
807 1759 850 1824 ab
872 1765 944 1825 satu
973 1768 1021 1826 eet
1047 1757 1149 1826 dictus
1170 1757 1337 1844 Satumuo,

192 1870 224 1929 et
247 1859 333 1944 quod
346 1861 439 1944 ignis,
463 1859 685 1926 Saturnalibus
700 1860 785 1927 cerei
798 1860 1014 1945 superioribus
1029 1860 1201 1926 mittuntur.
1235 1861 1391 1929 'serrato

49 1965 272 2050 (posonen,
294 1963 381 2047 quod
401 1962 454 2028 hio
476 1981 569 2028 omne
592 1981 671 2046 opus
693 1968 726 2028 et
746 1963 808 2029 bac
830 1982 910 2048 opus
931 1961 975 2028 ad
995 1961 1185 2048 vivendum,
1209 1968 1241 2030 et
1261 1963 1336 2031 ideo

192 2068 306 2133 dicitur
327 2064 394 2150 Ops
417 2072 527 2149 mater,
549 2063 636 2145 quod
658 2071 743 2131 terra
764 2070 875 2130 mator.
920 2063 1001 2129 baec
1023 2063 1107 2130 enim

191 2215 195 2222 ·
311 2162 455 2254 [terris]
477 2164 612 2251 gentis
634 2165 762 2231 omnis
780 2165 939 2251 peperit
961 2166 1337 2251 etresumitdonuo,

310 2270 423 2349 Quae
445 2267 512 2335 dat
534 2266 691 2335 cibaria

192 2379 228 2442 ut
242 2373 288 2439 ait
301 2371 544 2454 Ennius;·quae
560 2368 646 2451 quod
668 2368 750 2452 gerit
764 2369 881 2453 fruges,
905 2369 1011 2437 Ceres.
1046 2369 1185 2454 antiquis
1212 2370 1296 2436 enim
1314 2368 1341 2434 0
1359 2383 1388 2434 bo

89 2480 110 2559 ξ
133 2482 174 2543 65
197 2476 284 2558 quod
303 2494 386 2540 nuno
411 2471 449 2538 G.
507 2472 596 2538 Idem
618 2470 652 2536 hi
673 2470 727 2536 dei
748 2470 880 2538 Caelum
896 2477 928 2538 et
942 2472 1043 2538 Terra
1064 2472 1185 2555 Iupiter
1199 2477 1231 2539 et
1245 2474 1336 2556 Iuno,

193 2577 279 2661 quod
300 2581 335 2641 ut
356 2575 402 2640 ait
423 2574 556 2640 Ennius:

190 2759 250 2814 scil.
268 2759 343 2814 diota
360 2773 427 2812 esse.
455 2757 537 2813 uerba
554 2757 625 2812 enim
642 2757 754 2813 videsne
771 2759 798 2813 h.
821 2774 891 2827 quac
913 2757 995 2829 culpo
1015 2763 1119 2829 poetae
1141 2757 1230 2812 uerbis
1252 2756 1338 2813 udde·

192 2844 300 2909 buntur,
325 2842 359 2897 cb
384 2842 426 2896 bic
446 2843 570 2897 seiuncta
592 2859 652 2898 curn
673 2842 847 2913 sequentibus
864 2843 1031 2899 continuavi.
1053 2872 1087 2883 -
1113 2842 1234 2908 itastis]
1251 2846 1337 2898 tortos

191 2927 342 2993 FtGroth).
360 2958 394 2965 -
412 2930 427 2980 3
446 2927 585 2994 oaeligena
602 2943 676 2982 corr.
686 2943 724 2981 ex
735 2927 878 2997 paeligenc
895 2934 926 2982 ut
937 2928 1022 2984 nial*
1034 2928 1124 2994 (Keil).
1143 2958 1176 2966 —
1194 2933 1209 2982 5
1227 2927 1338 2997 capitis]

191 3012 250 3067 scil.
269 3015 319 3067 est.
338 3041 372 3050 —
398 3011 474 3066 uiere
493 3015 535 3067 est
552 3011 656 3066 uincire
675 3011 796 3075 (uincere
814 3011 837 3064 F
855 3027 916 3066 cnm
929 3013 1081 3083 plerisque)
1097 3012 1189 3066 libri.
1225 3020 1252 3066 ct
1270 3011 1339 3066 baec

192 3098 274 3153 uerba
292 3101 421 3167 utsupra
438 3112 456 3150 a
473 3101 546 3161 (onte
557 3097 692 3160 uinctum
710 3095 761 3150 olel.
775 3096 836 3167 LSp
855 3096 971 3151 addans:
987 3094 1022 3151 ‘si
1038 3113 1103 3152 ocra
1120 3103 1192 3162 cunt,
1204 3101 1273 3167 post
1289 3111 1338 3151 co·

192 3183 289 3239 tollam
304 3175 411 3253 ponas?
447 3181 514 3237 riori
531 3181 561 3234 id
579 3184 621 3234 est
637 3180 735 3236 vinciri
753 3181 950 3251 Scioppius.
985 3199 1037 3253 epo
1054 3181 1142 3238 delent
1163 3184 1205 3236 cot
1223 3180 1337 3236 vincire.

193 3275 310 3325 celerum
329 3267 400 3321 enim
413 3283 469 3337 pro
487 3270 529 3321 eet
546 3265 584 3320 M.
605 3297 636 3304 —
664 3269 679 3319 6
700 3268 768 3331 eota]
788 3267 909 3322 sotadioo
928 3267 1096 3336 Scaliger,
1122 3271 1199 3322 asoto
1217 3266 1337 3322 Aldus.

192 3384 226 3393 -
244 3353 326 3417 Enni]
348 3350 422 3405 ennii
441 3349 527 3418 Gbo,
549 3350 646 3405 ennius
663 3350 729 3418 Ha,
756 3350 827 3404 Eum
844 3366 871 3419 p,
898 3352 971 3406 enim
987 3352 1025 3406 M.
1052 3382 1087 3391 —
1113 3358 1127 3406 1
1146 3353 1219 3407 mola
1235 3352 1338 3408 ciuiere

192 3437 393 3494 FGHMVn.
421 3465 454 3474 —
480 3439 495 3489 8
519 3435 610 3505 palma
632 3435 800 3504 Scaliger,
828 3436 945 3504 palmam
967 3437 1063 3492 dicunt
1083 3437 1171 3506 vulg.
1193 3454 1231 3493 ecc
1249 3437 1281 3490 Β.
1292 3467 1338 3499 ,-

193 3524 296 3588 uincta]
314 3520 426 3576 uieiota
436 3519 475 3587 M,
493 3520 587 3575 omont
602 3521 660 3590 Vp.
672 3552 704 3559 -
725 3526 756 3574 10
774 3522 930 3576 coniunctio
949 3521 1150 3592 Scioppius,
1167 3521 1338 3577 coniunctio·

192 3623 241 3662 neo
260 3607 378 3662 Groth.
397 3637 430 3644 -
456 3607 562 3670 humor]
581 3607 688 3678 scripsi,
715 3606 835 3661 humoris
861 3606 952 3660 libri.
971 3637 1005 3645 -
1033 3611 1062 3662 11
1082 3608 1194 3672 habent]
1213 3607 1296 3662 babet
1314 3622 1338 3674 c,

193 3692 327 3746 haberent
344 3691 383 3758 M,
401 3690 539 3746 Laetus.
556 3720 592 3729 —
618 3690 773 3760 significant
789 3706 850 3745 esse
866 3691 992 3761 Veneris]
1010 3692 1082 3762 LSp,
1106 3691 1290 3761 significantes
1308 3706 1339 3746 oe

193 3777 267 3832 ueris
284 3775 382 3843 libri3
402 3774 556 3845 significant
566 3791 611 3830 reo
624 3780 686 3846 (pro
699 3775 894 3844 significantes)
906 3777 1125 3844 Vertraniuo3
1144 3776 1257 3832 Veneris
1271 3779 1338 3847 (pro

195 3862 324 3927 seueris)
342 3862 487 3927 Laetus,
515 3877 566 3914 orn.
584 3861 607 3915 B
625 3860 698 3932 vulp.
726 3891 760 3900 —
788 3863 819 3916 13
843 3861 883 3916 vis
900 3867 959 3927 nos]
986 3877 1056 3932 quae
1077 3876 1129 3914 noo
1147 3862 1233 3930 vulg.
1251 3877 1289 3916 ccc
1306 3861 1338 3929 B,

193 3959 257 3997 narn
283 3945 350 3999 eniti
373 3945 413 4000 vie
439 3961 491 4000 om.
518 3974 552 3984 —
578 3945 657 4015 cogit]
684 3946 713 3998 in
735 3946 758 3999 F
782 3945 888 4001 litterae
905 3947 1037 4002 evanidac
1058 3951 1123 3998 curn
1133 3952 1250 4015 practer
1267 3950 1287 4000 t.
1305 3975 1339 3986 -

196 4030 227 4079 16
245 4043 295 4097 ops
313 4046 384 4085 corr.
403 4047 442 4085 cu:
459 4031 507 4086 obe
525 4030 569 4083 F¹.
588 4060 623 4070 —
647 4034 678 4085 18
696 4030 786 4094 terrie]
804 4025 866 4085 ‘orn
885 4030 1086 4102 Scioppius,
1103 4035 1177 4083 recte
1193 4030 1248 4083 uici
1263 4031 1340 4101 forte

192 4110 370 4168 terrasorto?
381 4115 452 4185 LSp.
472 4115 548 4185 conf.
557 4115 683 4170 Vahlen
696 4132 723 4184 p.
735 4119 792 4170 168.
804 4146 836 4154 -
854 4119 885 4169 19
899 4117 968 4186 fort.
979 4113 1054 4169 dedit
1063 4111 1106 4167 uel
1118 4128 1170 4166 om.
1182 4113 1295 4169 cibaria.
1306 4144 1340 4154 -

197 4197 229 4248 20
248 4195 269 4250 O
287 4198 360 4266 quod
376 4214 449 4255 nunc
467 4201 500 4264 G]
521 4200 652 4268 Mulier,
671 4201 742 4269 quod
760 4216 833 4255 nunc
851 4201 874 4255 lb
891 4199 982 4254 libri.
1081 4204 1082 4207 ’
1270 4203 1272 4212 “
