3038 5048
491 307 605 376 LIBER
622 307 794 366 DECIMUS.
830 310 974 376 §44-47.
1252 304 1313 364 251

170 491 257 544 recto
287 478 370 566 coac]
402 481 436 546 in
462 486 603 554 ,rectum
639 480 686 546 ita
718 486 752 546 ut
784 479 954 546 formulam
986 478 1142 547 similiter
1165 475 1314 562 efficiant,

172 581 257 666 quod
290 583 331 648 sit
363 581 466 667 primo
495 601 590 649 versu
622 581 675 647 hic
708 580 827 666 Albus,
860 581 935 648 huic
967 580 1068 664 Albo,
1102 579 1196 646 huius
1227 579 1314 661 Albi,

171 685 312 751 secundo
349 685 430 750 haec
462 684 548 751 Alba
583 683 658 750 huic
690 682 810 767 Albae,
848 682 941 748 huius
973 682 1093 767 Albae,
1129 681 1222 750 tertio
1255 680 1316 748 hoc

172 787 307 869 Album,
340 785 415 853 huic
441 786 541 870 Albo,
574 787 668 853 huius
695 785 781 852 Albi.
831 785 943 868 ltaque
973 782 1052 849 fiunt
1081 803 1140 868 per
1167 783 1315 866 obliquas

133 887 399 955 adeclinationes
435 907 476 953 ex
512 888 564 954 his
604 888 772 970 analogiae
808 887 871 953 boc
909 905 1010 970 genus
1046 885 1160 952 Albius
1196 886 1314 966 Atrius,

171 989 268 1056 Albio
289 990 396 1073 Atrio,
429 1008 487 1075 per
510 989 647 1058 directas
672 990 900 1058 declinationes
922 986 1037 1054 Albius
1059 988 1185 1073 Atrius,
1218 987 1316 1054 Albia

171 1091 278 1175 Atria,
311 1111 394 1174 quac
426 1092 549 1158 scilicet
582 1093 641 1159 crit
673 1092 830 1177 particula
863 1112 903 1158 err
935 1091 994 1156 illa
1026 1091 1189 1158 vicenario
1222 1089 1316 1175 [atria

173 1190 410 1279 quae-scilicet]
433 1193 615 1261 oentenaria
637 1194 773 1261 formula
794 1192 1029 1278 analogiarum,
1059 1193 1099 1259 de
1128 1212 1192 1276 qua
1220 1211 1317 1278 supra

173 1294 251 1360 dixi.
307 1295 468 1378 Analogia
497 1315 580 1379 quae
608 1294 737 1379 dicitur,
771 1295 839 1363 cius
870 1313 990 1380 genera
1011 1302 1085 1362 sunt
1106 1296 1186 1379 duo,
1219 1315 1317 1361 unum
1338 1295 1358 1375 ἐ
1381 1299 1422 1360 45

119 1407 150 1460 10
172 1395 352 1463 deiunctum
381 1398 429 1464 sic
456 1403 521 1482 est,
554 1402 590 1464 ut
616 1418 713 1463 unum
742 1396 785 1463 ad
813 1396 877 1463 duo
906 1396 952 1463 sic
981 1395 1092 1463 decem
1120 1396 1164 1463 ad
1185 1396 1315 1482 viginti;

171 1498 306 1565 alterum
334 1499 536 1566 coniunctum
564 1501 625 1583 sic,
658 1507 694 1566 nt
722 1503 771 1566 cst
798 1519 895 1566 unum
923 1497 966 1564 ad
994 1498 1075 1583 duo,
1108 1499 1156 1565 sic
1184 1498 1246 1565 duo
1274 1497 1317 1564 ad

171 1606 328 1682 quattuor.
372 1601 405 1666 in
434 1600 495 1667 hoc
525 1602 611 1684 quod
640 1603 702 1669 duo
730 1602 781 1668 bis
809 1600 956 1668 dicuntur
983 1607 1015 1669 et
1039 1607 1107 1667 tum
1129 1598 1220 1688 [cam]
1243 1621 1314 1668 con·

170 1700 301 1768 ferimus
328 1699 371 1766 ad
400 1722 498 1769 unum
526 1711 559 1769 et
588 1709 662 1770 tunc
691 1723 762 1770 cum
795 1700 863 1788 [cd]
896 1708 1059 1787 quattuor,
1096 1704 1158 1771 hoo
1190 1721 1316 1786 quoque
1338 1700 1357 1784 ἕ
1380 1707 1421 1769 46

170 1809 285 1869 natura
321 1801 435 1869 dicitur
471 1803 688 1888 quadruplex,
736 1807 782 1870 sic
817 1825 836 1870 e
872 1811 996 1890 septem
1033 1805 1138 1872 cordis
1175 1805 1400 1872 cithararum
1413 1817 1469 1872 sno

118 1915 147 1969 15
172 1909 279 1970 tamen
302 1902 365 1969 duo
388 1903 533 1971 dicuntur
554 1904 674 1992 habere
702 1905 898 1989 tetracorda,
933 1906 1018 1990 quod
1048 1904 1318 1991 quemadmodum

173 2011 282 2090 crepat
309 2005 413 2089 prima
440 2005 484 2072 ad
513 2013 659 2089 quartam
688 2005 818 2072 cordam
846 2006 894 2073 sic
923 2013 1038 2088 quarta
1065 2007 1108 2074 ad
1138 2015 1318 2094 septumum

172 2106 355 2193 respondet,
378 2105 486 2174 media
508 2112 557 2174 est
578 2108 709 2174 alterius
731 2108 844 2193 prima,
866 2107 996 2176 alterius
1019 2114 1171 2176 extrema.
1201 2109 1319 2177 Medici

172 2210 206 2276 in
240 2217 371 2294 aegroto
404 2215 566 2294 septnmos
599 2210 667 2276 dies
701 2210 756 2293 qui
787 2210 973 2292 observant,
1011 2215 1125 2293 quarto
1158 2209 1211 2275 die
1244 2210 1318 2277 ideo

109 2331 118 2351 ·
174 2308 358 2396 diligentius
373 2311 466 2392 signa
480 2310 584 2378 morbi
599 2311 779 2397 advertunt,
802 2310 888 2395 quod
910 2330 1006 2393 quam
1027 2311 1184 2377 rationem
1206 2309 1318 2377 habuit

120 2428 152 2478 ao
173 2413 293 2498 primus
315 2413 385 2478 dies
407 2413 450 2479 ad
472 2417 620 2496 quartum
643 2413 777 2480 eandem
798 2413 961 2498 praesagit
988 2412 1170 2478 habiturum
1193 2412 1248 2494 qui
1269 2417 1318 2478 est

173 2516 296 2582 iuturus
317 2515 359 2580 ab
382 2534 420 2581 eo
443 2521 590 2598 quartus,
625 2514 680 2596 qni
703 2522 752 2580 est
773 2520 936 2600 septnmns
959 2536 981 2581 a
1000 2515 1113 2599 primo.
1171 2513 1315 2593 Quadru-
1338 2517 1358 2597 ξ
1380 2519 1421 2580 47

258 2750 291 2804 F.
309 2748 356 2805 iol.
375 2753 407 2803 33
426 2750 467 2804 sic
484 2767 500 2804 e
518 2790 525 2803 .
545 2791 552 2804 .
571 2791 578 2804 .
596 2749 709 2805 achilles
727 2755 755 2805 et

262 2993 274 3042 1
293 2991 405 3052 rectum]
417 2987 558 3055 Mttllcr,
575 2991 651 3042 recto
663 2986 695 3041 F.
714 3018 748 3027 -
766 2987 898 3052 similiter]
915 2983 993 3058 ‘fort
1012 2986 1127 3042 similem
1144 2987 1187 3043 vel
1203 2986 1321 3042 formula

175 3069 284 3127 similia’
303 3072 376 3142 LSp.
394 3103 428 3112 -
446 3077 461 3126 5
479 3088 573 3141 genus.
594 3075 725 3125 DESllttl'
743 3075 918 3137 QUAEDAM.
936 3072 1033 3128 Albius
1051 3072 1136 3140 vulg.
1158 3103 1193 3112 -
1215 3070 1321 3135 Albius]

174 3157 271 3211 Albius
297 3173 369 3213 corr.
396 3172 433 3212 aa
459 3158 547 3213 Albus
569 3158 602 3212 F.
630 3190 663 3198 -
687 3157 811 3225 6Albio]
836 3157 909 3212 albic
931 3173 1002 3213 corr.
1025 3173 1063 3213 etc
1084 3156 1147 3213 albo
1169 3156 1202 3210 F.
1225 3156 1321 3211 Albius

174 3242 284 3310 Atrius,
302 3241 383 3296 Albio
400 3242 495 3311 Atrio,
514 3259 584 3312 qnae
601 3244 707 3298 scilicet
723 3242 776 3298 erit
793 3242 930 3313 particula
946 3259 981 3298 ex
997 3241 1047 3297 illa
1063 3242 1184 3310 bimaris,
1207 3258 1257 3311 par
1274 3242 1322 3296 de·

173 3331 264 3381 rectas
282 3326 479 3382 declinationes
496 3328 594 3383 Albius
611 3329 722 3395 Atrius,
739 3327 822 3383 Albia
838 3328 934 3396 Atria,
952 3344 1022 3397 quae
1040 3327 1146 3382 sufficet
1163 3325 1322 3382 centenaria

174 3410 291 3466 formida
308 3410 459 3466 Muller.
484 3442 518 3451 —
542 3412 720 3477 tricenaria]
744 3412 892 3467 ducenaria
913 3412 1053 3468 Laetus.
1080 3411 1163 3468 verba
1181 3411 1234 3466 tric
1251 3409 1323 3464 male

173 3497 292 3566 repetito
312 3496 422 3551 seclusit
442 3496 514 3567 LSp.
538 3491 618 3567 ‘fort
641 3513 676 3551 ex
698 3498 747 3552 illa
765 3497 878 3553 domama
894 3502 924 3552 et
941 3495 1098 3552 oenmnaria
1121 3496 1238 3551 formula
1255 3510 1321 3550 ana-

175 3580 322 3650 logiarum,
348 3582 377 3635 io
394 3581 492 3651 quibus
508 3581 552 3637 cel
567 3582 648 3637 cerba
666 3586 694 3637 et
712 3582 869 3638 oentenaria
891 3598 947 3637 noa
969 3574 1172 3636 desiderantur'
1190 3581 1261 3650 LSp.
1288 3608 1323 3619 -

176 3668 190 3719 8
209 3665 315 3720 sufficet
331 3670 360 3721 et
377 3667 534 3722 centenaria
550 3666 611 3736 Vp.
638 3697 673 3706 -
701 3671 731 3721 10
749 3667 900 3722 diiunctum
917 3667 1002 3736 vulg.
1020 3697 1055 3706 -
1078 3671 1108 3720 11
1128 3666 1168 3721 sic
1185 3667 1226 3733 ut]
1246 3664 1321 3734 conf.

174 3748 294 3804 Reiter
304 3767 332 3820 p.
343 3753 384 3805 28.
402 3782 436 3790 —
456 3756 487 3806 12
500 3754 528 3806 et
538 3754 597 3806 tum
609 3755 679 3815 cum]
691 3751 763 3821 LSp,
782 3756 809 3808 et
821 3757 879 3808 turn
890 3751 923 3820 F,
942 3755 1042 3807 etcum
1054 3751 1192 3818 Muller,
1210 3766 1234 3819 q.
1245 3751 1279 3806 V.
1291 3749 1321 3804 0.

174 3837 233 3889 tum
250 3835 287 3889 ad
305 3835 497 3906 Scioppius.
516 3866 549 3876 -
569 3839 599 3890 13
612 3851 695 3890 unum
709 3852 778 3891 corr.
792 3852 829 3892 cta
845 3852 950 3891 nunum
960 3835 992 3890 F.
1011 3867 1044 3876 —
1062 3840 1137 3901 tune]
1152 3830 1231 3905 ‘fort
1250 3827 1322 3890 tum'

174 3917 246 3988 LSp.
265 3950 299 3959 -
316 3920 362 3984 ad}
374 3920 481 3975 addidit
492 3920 687 3991 Scioppius.
705 3950 740 3962 -
759 3925 791 3976 14
803 3921 973 3991 quadruplex
988 3920 1058 3990 fort.
1078 3936 1148 3975 corr.
1166 3921 1195 3974 in
1212 3919 1324 3988 quadri·

175 4003 240 4071 plex
256 4004 280 4058 F
298 4004 386 4071 (Keil).
404 4035 439 4045 -
456 4010 481 4070 e]
498 4005 532 4073 F,
549 4021 567 4059 a
584 4020 611 4074 a,
629 4005 772 4072 Laetus,
791 4006 914 4076 om.Vp.
933 4036 966 4045 —
985 4007 1115 4075 cytharae
1126 4005 1159 4059 F.
1177 4036 1210 4044 -
1232 4010 1260 4059 Π
1278 4021 1323 4060 re·

176 4090 293 4157 spondet
310 4106 362 4144 om.
382 4090 575 4161 Scioppius.
594 4119 629 4128 —
646 4089 743 4145 Midici
759 4090 791 4145 F.
818 4121 853 4130 -
881 4094 911 4144 18
930 4093 1050 4158 aegroto]
1069 4091 1139 4160 LSp,
1163 4095 1271 4159 egrotos
1290 4089 1323 4158 F,

176 4176 296 4244 aegrotis
307 4176 391 4244 vulg.
404 4206 438 4215 -
451 4178 483 4229 20
495 4173 673 4245 praesagiunt
685 4175 881 4246 Scioppius,
893 4174 1037 4246 praesagia
1045 4175 1105 4244 Vp.
1118 4176 1193 4246 conf.
1204 4175 1325 4231 Christ

176 4258 274 4315 Philol
292 4260 365 4329 XVI,
383 4263 442 4315 453.
461 4289 495 4299 -
513 4263 544 4314 21
564 4263 678 4330 quartus
696 4259 752 4329 qui]
770 4264 883 4328 quartus
900 4275 928 4327 p,
945 4263 1059 4328 quartus
1076 4264 1105 4315 et
1122 4261 1168 4330 qui
1184 4261 1271 4329 vulg.
