3060 5048
500 291 616 351 LIBER
632 292 763 351 NONUS.
799 293 927 362 §7—10.
1227 295 1285 356 19?

139 471 175 535 ut
196 466 374 552 generatim
396 463 663 551 comprehendam
684 470 718 532 et
738 483 779 532 ea
801 482 883 547 quae
911 463 1070 549 inpriore
1100 465 1183 534 libro
1213 476 1288 535 sunt

140 567 228 636 dicta
250 574 282 636 et
304 588 344 635 ee
366 588 448 650 quae
470 572 603 653 possunt
625 565 689 633 diei
710 571 807 648 atque
828 566 896 634 illic
916 565 1077 653 praeterii.

227 673 256 736 3.
292 671 433 736 Primum
464 667 550 754 quod
579 667 669 734 aiunt
701 667 756 751 qui
786 667 867 735 hene
896 667 985 751 loqui
1014 667 1093 760 uelit
1121 674 1286 738 consuetu·
1309 671 1327 754 ἓ
1351 675 1371 739 8

141 770 249 838 dinem
282 771 374 857 sequi
409 775 571 856 oportere,
610 790 674 837 non
708 768 863 836 rationem
902 765 1160 853 similitudinum,
1201 770 1288 854 quod

101 887 116 939 ι
139 872 276 941 alterum
298 874 327 941 si
347 874 498 958 neglegat
518 872 587 938 sine
608 871 783 938 offensione
805 871 911 939 iacere
931 889 995 937 non
1016 871 1127 956 possit,
1150 873 1287 941 alterum

140 974 170 1040 si
192 965 345 1057 sequatur
366 971 452 1055 quod
473 972 542 1040 sine
563 972 809 1058 reprehensione
831 992 894 1039 non
917 972 958 1039 sit
979 973 1136 1058 futurum,
1170 980 1284 1059 emant,

140 1075 226 1158 quod
255 1076 310 1157 qui
338 1075 372 1143 in
399 1073 559 1157 loquendo
589 1072 848 1142 consuetudinem
875 1073 1033 1158 sequitur,
1066 1095 1130 1142 non
1157 1076 1225 1144 sine
1248 1096 1288 1145 ee

139 1177 262 1245 ratione
284 1196 347 1260 qna
369 1182 495 1261 oportet
515 1174 562 1243 uti
584 1169 757 1260 [requireri

226 1283 254 1346 4.
292 1279 377 1345 Nam
404 1278 563 1346 vocabula
589 1296 628 1343 ao
655 1277 755 1344 verba
783 1295 866 1359 quae
902 1276 1099 1345 declinamus
1131 1278 1286 1364 similiter,
1309 1285 1329 1366 ξ
1352 1286 1371 1349 9

90 1394 118 1446 10
141 1399 180 1448 ea
201 1380 235 1447 in
257 1379 484 1449 consuetudine
507 1398 578 1447 esse
600 1375 747 1445 videmus
769 1385 801 1445 et
822 1377 866 1444 ad
887 1398 961 1445 eam
982 1379 1173 1447 conferimus
1195 1385 1236 1466 et,
1258 1381 1288 1448 si
1297 1367 1372 1420 ’Μ
1381 1368 1438 1422 ⁶¹³³)

140 1481 288 1566 quidest
310 1487 462 1565 erratum,
495 1501 559 1548 non
585 1479 654 1548 sine
677 1499 716 1546 ea
738 1479 933 1564 corrigimus.
978 1481 1060 1547 Nam
1083 1487 1132 1565 ut,
1155 1482 1209 1564 qui
1231 1483 1285 1549 tri-

141 1583 270 1651 clinium
293 1587 491 1651 constrarunt
514 1582 541 1648 si
563 1603 658 1667 quem
680 1583 798 1649 lectum
821 1581 862 1647 de
884 1582 985 1649 tribus
1007 1602 1103 1649 unum
1131 1584 1286 1669 imparem

139 1691 314 1772 posuerunt
341 1690 397 1752 aut
428 1682 469 1750 de
500 1683 632 1768 paribus
662 1683 795 1752 nimium
827 1691 883 1751 aut
914 1704 1027 1769 pamm
1059 1683 1287 1770 produxerunt,

76 1850 78 1854 .
140 1806 204 1854 una
226 1785 414 1871 corrigimus
436 1790 468 1851 et
489 1784 544 1851 cd·
561 1784 821 1853 consuetudinem
852 1804 1049 1853 communem
1079 1791 1111 1852 et
1137 1786 1181 1853 ad
1208 1787 1287 1854 alio·

89 1899 117 1953 1⁶
139 1909 208 1956 rum
231 1886 437 1954 tricliniorum
460 1886 635 1969 analogias,
665 1885 712 1952 sic
732 1887 761 1952 si
783 1885 853 1968 quis
875 1887 908 1952 in
931 1887 1074 1954 oratione
1094 1887 1127 1955 in
1148 1909 1287 1972 pronun·

141 1988 249 2055 tiando
271 1989 318 2054 ita
340 1986 481 2054 declinat
501 1988 602 2054 verba
623 1992 658 2054 ut
680 1988 765 2054 dicet
793 1987 950 2072 disparia,
984 1988 1070 2070 quod
1098 1998 1211 2073 peccat
1239 2010 1285 2057 re-

141 2089 251 2170 digere
273 2089 428 2158 debemus
450 2090 493 2156 ad
515 2093 690 2157 ceterorum
712 2087 863 2156 similium
884 2091 1055 2157 verborum
1076 2090 1242 2159 rationem.

227 2195 254 2258 5.
293 2190 370 2259 Cum
394 2190 456 2258 duo
479 2192 603 2275 peccati
630 2209 751 2274 genera
778 2189 843 2257 sint
868 2189 902 2255 in
927 2190 1156 2276 declinatione,
1189 2213 1285 2259 unum
1308 2201 1328 2280 §
1354 2204 1391 2265 10

142 2291 228 2376 quod
249 2292 283 2358 in
305 2291 566 2360 consuetudinem
587 2313 755 2379 perperam
777 2298 938 2378 receptum
962 2296 1020 2374 est,
1042 2293 1179 2359 alterum
1201 2293 1287 2375 quod

90 2406 118 2459 no
139 2394 280 2462 nondum
309 2397 357 2461 est
385 2401 417 2462 et
444 2411 612 2479 perperam
641 2395 780 2480 dicatur,
812 2414 910 2463 unum
941 2393 1019 2461 dant
1047 2412 1111 2460 non
1139 2400 1286 2478 oportere

140 2494 222 2581 dici,
255 2493 342 2579 quod
363 2490 520 2582 [nondum]
542 2497 638 2564 sitin
660 2495 904 2579 consuetudine,
932 2497 1067 2564 alterum
1089 2516 1153 2563 non
1176 2515 1442 2572 conce-‹prooem›

210 2719 222 2768 1
243 2714 474 2784 comprehendant
485 2714 518 2783 F,
536 2730 608 2769 corr.
626 2714 744 2771 Aldus.
762 2745 796 2755 —
813 2714 900 2786 priori
917 2715 1053 2769 Laetus.
1071 2744 1106 2754 -
1125 2717 1140 2768 2
1158 2717 1241 2784 etque
1254 2714 1286 2771 F.

140 2829 167 2840 -
191 2803 208 2853 4
226 2797 429 2854 similitudinem
445 2800 485 2855 M.
508 2792 590 2869 ‘sort
615 2798 667 2854 del.
690 2800 745 2855 nisi
761 2799 918 2872 reposueris
935 2803 963 2854 et
980 2794 1195 2854 similitudmem'
1215 2799 1287 2869 LSp.

141 2900 177 2940 arr
195 2883 323 2939 similium
340 2884 484 2940 verborum
501 2891 532 2940 ut
542 2901 567 2940 u.
582 2888 613 2941 17
620 2883 634 2937 i
651 2913 685 2924 -
703 2889 718 2938 6
731 2885 847 2940 alterum
859 2925 866 2938 .
880 2925 887 2939 .
900 2884 1025 2948 alterum]
1039 2876 1118 2953 ‘sort
1132 2883 1246 2939 alterum
1259 2925 1265 2938 .
1280 2923 1287 2939 .

140 2965 264 3025 ulterem’
283 2968 355 3038 usp.
379 2999 413 3009 -
436 2973 451 3024 6
470 2968 494 3024 si
510 2985 567 3025 uon
583 2972 715 3039 sequetur
734 3008 741 3022 .
760 3009 767 3022 .
785 2969 998 3040 reprehensione
1015 2968 1052 3023 sit
1068 2965 1192 3023 futurum
1210 2968 1286 3024 Ste-

139 3055 282 3124 phanus.
309 3083 343 3093 —
369 3053 437 3118 sine]
459 3070 515 3110 non
539 3054 598 3110 sine
621 3053 690 3110 GH.
717 3083 751 3094 -
778 3057 880 3119 errant]
905 3057 965 3109 erat
982 3053 1015 3121 F,
1042 3069 1113 3108 corr.
1139 3052 1227 3123 vulg.
1254 3082 1289 3092 -

141 3138 297 3207 'lsequitur
319 3153 375 3193 nou
398 3137 457 3193 sIne
480 3154 513 3193 ee
534 3140 642 3194 ratione
664 3155 718 3208 qua
741 3138 850 3207 oportet
871 3137 914 3194 uti
937 3137 1068 3207 sequitur]
1092 3137 1206 3208 scripsi,
1235 3152 1289 3207 qun

141 3226 250 3293 oportet
268 3223 309 3278 uti
326 3222 449 3291 sequitur
465 3238 521 3278 non
543 3223 602 3279 sine
626 3223 782 3279 curatione
799 3225 832 3279 F.
852 3222 988 3292 sequitur,
1015 3237 1075 3277 eum
1094 3220 1217 3290 seqnitur
1233 3236 1289 3275 non

142 3307 201 3362 sine
217 3307 325 3363 ratione
343 3307 479 3362 Muller.
497 3303 575 3378 ‘sort
594 3309 863 3378 consuetudineque
881 3311 990 3377 oportet
1007 3304 1102 3374 utitur,
1121 3321 1181 3360 eam
1198 3304 1289 3374 sequi·

119 3401 127 3412 “
141 3393 188 3446 tur
204 3406 260 3446 non
278 3390 337 3445 sine
353 3390 470 3461 ratione,
488 3392 543 3447 nisi
554 3394 651 3464 potius
666 3393 724 3463 suit
740 3392 899 3464 simpliciter
916 3392 1040 3460 sequitur
1056 3389 1190 3445 rationem
1202 3388 1290 3444 ambro

140 3491 196 3529 non
214 3475 273 3531 sIne
290 3491 324 3531 ea
340 3493 378 3532 ecc
396 3477 575 3548 inferioribus
592 3477 664 3533 male
682 3470 838 3533 translatis'
855 3476 928 3547 LSp.
952 3475 1029 3543 conf.
1049 3473 1166 3529 Christ
1188 3470 1287 3527 Philol.

141 3560 215 3630 XVI,
232 3564 291 3630 458,
309 3561 370 3630 usp
388 3562 476 3630 XVII,
489 3566 548 3617 295.
566 3591 600 3601 -
620 3566 650 3617 10
668 3567 710 3628 ea]
727 3557 806 3633 ‘sort
826 3565 863 3630 et,
880 3565 929 3617 aut
945 3552 1006 3614 del?
1024 3558 1096 3628 LSp.
1115 3587 1148 3596 —
1167 3557 1203 3612 ad
1220 3559 1288 3619 eam]

141 3646 178 3702 ud
195 3661 229 3701 ea
245 3645 278 3714 F,
300 3663 372 3701 corr.
389 3647 475 3716 vulg.
494 3663 532 3702 ecc
549 3648 581 3701 B.
603 3677 638 3686 —
662 3651 694 3702 13
711 3650 760 3702 aut
777 3647 821 3714 de]
840 3661 874 3701 nc
891 3645 926 3700 de
943 3644 978 3698 H.
996 3673 1029 3683 -
1049 3648 1080 3699 14
1098 3654 1237 3696 comunem
1256 3639 1288 3693 F.

140 3761 174 3770 —
194 3736 225 3786 15
243 3730 273 3786 in
296 3732 420 3789 oratione
442 3733 472 3786 in
495 3730 708 3802 pronuntiando]
731 3725 905 3786 ‘alterutrum
928 3727 1064 3792 abundat,
1085 3724 1140 3779 nisi
1159 3721 1239 3777 molis
1259 3722 1289 3776 in

141 3817 267 3872 oratione
278 3810 495 3887 pronuntianda'
507 3816 579 3886 LSp.
592 3846 625 3855 —
641 3820 670 3871 ιι
684 3815 823 3878 debemus]
837 3814 874 3869 sd
886 3811 1109 3869 consuetudinem
1121 3822 1290 3863 communem

141 3905 170 3958 et
181 3901 259 3957 addit
272 3901 388 3957 Christ
399 3918 425 3970 p.
440 3905 499 3969 459,
510 3900 612 3971 probat
622 3899 685 3970 LSp
697 3898 785 3967 XVII,
797 3902 856 3953 296.
869 3929 904 3938 -
923 3900 953 3952 18
965 3893 1045 3968 ‘fort
1058 3888 1202 3964 peccandi’
1217 3891 1288 3961 LSp.

142 4015 175 4025 -
192 3985 223 4041 in
234 3985 427 4048 declinatione]
440 3985 511 4054 usp,
531 3985 596 4041 Gro
603 3986 653 4052 th,
670 3983 914 4040 indeclinationum
924 3983 958 4050 F,
976 3978 1188 4035 declinationum
1199 3975 1288 4032 Lae·

139 4073 205 4126 tus.
222 4070 293 4140 fort.
305 4071 334 4124 in
346 4071 374 4124 d.
386 4071 537 4125 verborum.
551 4099 583 4108 -
597 4071 628 4123 20
642 4071 678 4133 et]
693 4072 724 4124 ut
736 4068 765 4123 0.
775 4069 808 4122 F.
820 4067 863 4123 W.
876 4066 1004 4123 Mulier
1014 4080 1041 4135 p.
1055 4065 1113 4117 868.
1127 4091 1160 4100 —
1172 4061 1289 4126 dicatur]

142 4154 245 4211 dicitur
256 4155 333 4212 Scio
341 4154 454 4225 ppius.
473 4148 551 4224 ‘sort
564 4152 720 4209 declinatur
737 4157 768 4209 ut
786 4154 857 4221 535,
874 4150 923 4206 sed
940 4148 1011 4204 illud
1028 4149 1044 4218 §
1059 4150 1099 4216 14,
1115 4141 1156 4201 1'1'
1171 4145 1243 4217 LSp.
1256 4175 1289 4184 -

143 4241 174 4295 ιι
192 4240 323 4306 noudum]
341 4240 414 4310 LSp,
432 4255 485 4294 om.
503 4238 600 4308 libri,
618 4254 673 4295 non
691 4237 754 4294 add.
767 4235 1001 4306 AugustInus,
1018 4227 1084 4288 ‘alsi
1094 4230 1191 4304 potius
1209 4227 1291 4287 vebo
