3038 5048
701 285 738 338 lle
755 285 820 338 libro
839 282 880 338 Vl.
1314 299 1364 340 xa!

216 479 267 520 nec
288 462 377 519 minus
406 461 518 524 mirum,
553 460 625 534 quod
655 460 779 534 seqnitur
807 460 987 532 compositum
1014 454 1214 534 Aepuirere.*)
1259 461 1364 519 Transit

215 556 305 606 autem
331 549 364 603 ad
393 561 520 604 sensuum
542 543 687 602 vocabula:
716 543 800 603 Video
823 559 842 599 a
862 544 927 600 uisu
949 585 955 600 .
980 585 987 599 .
1009 559 1092 600 cerno
1115 579 1124 599 .
1147 552 1304 618 .spsctare
1332 586 1363 604 ..

217 634 253 691 ab
276 633 394 689 curibus
415 631 504 686 uerba
523 630 654 686 uidentur
674 631 751 686 dicta
773 629 860 685 audio
883 635 910 684 et
931 629 1059 685 ausculto
1083 629 1213 694 ..odor,
1240 630 1302 687 olor
1324 672 1331 686 .
1355 672 1362 687 .

217 719 253 775 ab
277 732 326 773 ore
349 716 408 779 edo,
431 715 540 781 sorbeo,
564 715 636 780 bibo,
656 721 724 788 poto
749 754 755 770 .
776 751 784 768 .
807 730 826 769 a
847 729 934 769 manu
955 714 1171 787 manupretium,
1192 715 1364 788 mancipium

218 844 226 860 .
250 845 256 857 .
279 801 451 874 manipulus,
474 799 679 872 manipularis,
703 799 832 864 manica,
865 799 1073 854 manubrium.
1098 840 1104 853 .
1126 799 1288 856 montelium
1314 801 1364 857 ubi

218 902 320 943 manus
343 892 497 957 terpuntur.
540 883 622 941 Nunc
641 885 765 957 primum
783 899 889 956 ponam
913 884 1049 940 censoriis
1072 883 1185 940 tabulis.
1228 893 1364 958 postrema

217 972 250 1028 ad
273 978 372 1028 tactum
394 969 531 1044 pertinent
550 968 747 1044 laudanturqne
768 985 814 1025 sex
836 966 966 1025 vocabula
993 967 1173 1033 substantiva,
1205 985 1261 1026 non
1283 969 1365 1026 verba

217 1073 232 1113 a
253 1072 334 1112 manu
356 1055 518 1129 composita,
541 1063 568 1111 at
590 1071 679 1128 neque
699 1070 795 1110 manns
818 1054 894 1128 origo
916 1069 1004 1126 neque
1026 1052 1152 1125 tangendi
1173 1052 1282 1110 verbum
1304 1071 1366 1112 me-

217 1150 347 1207 moratur,
371 1149 398 1197 et
420 1139 485 1214 qnid
507 1138 600 1196 ultima
620 1138 666 1196 illa
688 1137 739 1195 sibi
754 1138 863 1195 volunt:
888 1153 964 1194 nunc
982 1137 1107 1211 primum
1124 1153 1233 1210 ponam
1248 1179 1255 1194 .
1272 1181 1278 1194 .
1295 1155 1364 1213 quae

216 1221 311 1283 risum
329 1225 445 1282 excitans
474 1223 642 1298 neglegentia
670 1232 726 1288 est,
760 1223 784 1280 si
805 1222 888 1279 Varro
918 1221 968 1278 hac
997 1222 1101 1280 ratione
1121 1223 1267 1294 legentium
1289 1225 1364 1282 venia

215 1310 315 1368 abusus
337 1311 400 1366 est?
443 1308 512 1365 inira
533 1306 553 1385 ξ
575 1311 615 1368 94
638 1306 717 1365 rerba
739 1324 829 1382 quare
851 1324 909 1364 non
931 1313 973 1362 est
999 1307 1115 1363 dubium
1145 1309 1214 1380 puin
1241 1307 1294 1364 boc
1318 1310 1364 1366 in·

216 1396 310 1452 licium
332 1396 384 1463 sit,
418 1411 480 1450 cum
497 1394 606 1450 circum
633 1410 727 1449 muros
756 1395 814 1450 itur
839 1409 901 1449 eum
922 1391 956 1448 de
976 1389 1091 1448 formula
1113 1392 1240 1448 indicium
1260 1409 1365 1451 occare

216 1497 348 1554 exponere
369 1480 450 1553 idque
471 1479 546 1535 initio
568 1478 713 1535 indicatum
735 1476 848 1553 publicis
870 1476 1027 1535 testimoniis
1057 1476 1220 1551 approbasse
1249 1479 1362 1546 doceam

216 1564 305 1639 itaque
326 1565 521 1622 interciderunt
541 1565 672 1638 quaedam
694 1573 755 1621 ante
777 1561 856 1620 verba
877 1578 952 1618 nunc
979 1563 1102 1634 primum
1127 1578 1235 1635 ponam
1260 1580 1364 1638 nosque

215 1651 342 1707 audacter
358 1650 383 1705 id
397 1648 507 1707 lacunae
521 1648 604 1723 signis
619 1648 835 1722 significavimus.
880 1652 916 1704 dt
930 1647 995 1705 haec
1009 1646 1117 1720 longior
1132 1646 1276 1720 disputatio
1291 1649 1364 1706 auti-

216 1735 347 1809 quitstum
379 1735 470 1808 potius
503 1751 583 1808 quam
616 1733 648 1790 de
680 1731 771 1807 lingua
803 1732 884 1789 latina
916 1731 992 1791 libris
1025 1733 1150 1789 convenit
1177 1731 1258 1806 idque
1286 1733 1365 1790 Nonii

216 1820 376 1877 auctoritate
397 1818 547 1875 confirmari
562 1818 668 1875 videtur
681 1835 709 1892 p.
725 1821 802 1877 471:
825 1816 967 1875 Sortirent
985 1833 1040 1890 pro
1062 1818 1240 1874 sortirentur.
1274 1817 1364 1875 Varro

215 1921 310 1960 rerum
329 1904 518 1960 bumanorum
541 1903 588 1960 tib.
611 1901 683 1959 XX:
719 1902 810 1973 Quum
831 1903 959 1959 emerint
980 1917 1123 1966 censores,
1156 1903 1230 1958 inter
1250 1919 1281 1958 se
1301 1920 1364 1960 sor·

217 1991 305 2056 rtaar,·
338 1989 404 2044 haec
433 1988 524 2046 eadem
552 1998 617 2045 sunt
648 2003 717 2062 quae
744 1996 838 2045 nostro
860 1987 922 2044 loco
943 2004 976 2045 er
1000 1987 1129 2045 censoriis
1156 1985 1253 2043 tabulis
1280 1986 1300 2065 ξ
1323 1991 1362 2048 87

216 2074 294 2130 allata
315 2082 396 2130 suat:
419 2074 468 2129 ubi
486 2081 635 2147 praetores
659 2073 819 2145 tribunique
839 2073 932 2146 plebei
947 2073 1048 2146 quipus
1061 2075 1093 2129 c'n
1107 2073 1257 2129 consilium
1270 2076 1365 2130 uocati

215 2165 281 2214 sunt
312 2164 464 2223 uenerunt,
498 2173 627 2213 censores
656 2159 731 2214 inter
758 2172 788 2212 se
821 2158 994 2230 sortiuntur,
1027 2165 1089 2213 uter
1118 2157 1235 2214 lustrum
1262 2159 1363 2230 (aciat.

283 2336 309 2402 *J
328 2335 448 2389 Varronis
471 2336 550 2389 verba
573 2338 621 2403 qui
642 2337 709 2403 quid
731 2337 905 2388 administrat
928 2339 1005 2388 cuius
1031 2352 1098 2404 opus
1121 2341 1269 2388 annectat
1292 2339 1365 2403 quod

218 2408 267 2458 rub
278 2421 384 2457 senmm
394 2408 494 2471 ueniat,
512 2407 546 2457 ab
564 2407 680 2471 agitatu,
697 2409 729 2456 ut
745 2405 814 2471 diui,
831 2407 919 2470 magis
931 2420 1012 2471 agere
1029 2421 1110 2472 quarn
1126 2404 1218 2466 facere
1230 2409 1364 2470 putatur;

215 2475 263 2526 ssd
279 2475 352 2541 quod
369 2476 410 2525 bis
426 2477 515 2539 magis
527 2476 681 2541 pransurus
699 2489 779 2539 quarn
796 2473 942 2539 diligenter
961 2474 1123 2526 consuetudo
1142 2478 1181 2524 est
1197 2489 1256 2536 usa,
1274 2478 1364 2525 trans-

216 2542 316 2594 laticiis
342 2544 446 2593 utimur
472 2542 559 2592 verbis
579 2540 716 2594 discrimen
740 2540 810 2610 quod
834 2541 933 2607 graecis
956 2541 1118 2608 philosophis
1143 2549 1183 2594 est
1200 2541 1266 2593 inter
1283 2559 1364 2613 ποιη-

215 2603 298 2665 τικὸν
315 2614 341 2661 et
359 2601 521 2680 πρακτικὸν
537 2608 659 2663 indicant.
683 2608 787 2661 videant
798 2608 842 2660 alii
859 2624 920 2662 num
939 2625 1005 2677 quae
1023 2612 1176 2677 sequuntur:
1195 2625 1257 2661 nam
1276 2615 1301 2660 et
1318 2613 1365 2677 qui

216 2677 284 2729 dicit
298 2676 391 2738 facere
408 2678 490 2729 carba
508 2677 634 2740 dicimus,
654 2681 681 2729 et
698 2680 746 2743 qui
763 2677 869 2743 aliquid
885 2678 946 2743 ogit
969 2693 1024 2729 nors
1048 2694 1103 2729 esse
1128 2677 1299 2743 inficiendum,
1317 2682 1364 2744 qui

217 2745 326 2797 adlucet
342 2746 445 2796 dicitur
462 2745 550 2796 lucere
568 2749 621 2799 arte
634 2744 796 2811 cohaereant,
815 2749 841 2798 et
852 2745 878 2797 in
897 2746 985 2796 lucore
997 2750 1024 2798 et
1036 2748 1177 2811 acquirere
1199 2745 1362 2814 tralaticium,

217 2813 287 2882 quod
304 2828 352 2866 nos
371 2813 452 2879 fugit,
469 2812 560 2876 lateat,
579 2818 608 2866 ut
626 2813 704 2866 tacite
722 2816 811 2866 auctor
828 2813 861 2866 ab
878 2813 910 2865 iis
928 2829 994 2882 quae
1013 2813 1060 2866 sub
1078 2828 1182 2865 sensum
1200 2829 1251 2866 non
1270 2814 1364 2867 cadunt

217 2880 249 2933 ad
267 2896 297 2934 ea
315 2896 391 2949 quae·
411 2882 529 2934 sensibus
551 2881 726 2950 percipiuntm
749 2887 870 2937 transeat.
906 2880 1018 2943 Quorum
1040 2882 1136 2948 primus
1159 2885 1211 2934 est:
1240 2882 1323 2934 Video
1346 2901 1364 2934 a

215 2953 286 3011 uisam
314 2952 433 3070 quingue
456 2952 526 3000 enim
548 2965 672 3001 sensuum
693 2953 830 3002 mamimus
855 2953 894 3001 esd
916 2953 946 3000 irs
969 2949 1069 3013 oculis,
1096 2965 1158 3001 nam
1186 2965 1246 3001 eum
1272 2966 1364 3002 sensus

213 3018 304 3070 nullus
321 3034 373 3084 quc
410 3020 484 3070 abest
510 3018 583 3070 mille
602 3033 696 3084 possus
720 3021 820 3070 rendre
835 3021 933 3085 possit,
959 3019 1099 3070 aculonem
1116 3034 1207 3069 sumus
1223 3021 1264 3069 vis
1280 3034 1364 3084 usque

214 3090 337 3153 peruenit
353 3088 389 3138 ad
404 3087 504 3139 stellas.
528 3085 572 3138 nbi
590 3085 690 3139 Panwii
708 3087 893 3140 correctionem
913 3087 996 3139 lsidso
1010 3089 1066 3137 aci
1083 3093 1188 3138 secutus
1206 3092 1247 3138 est
1263 3085 1363 3149 Mulier,

177 3198 189 3218 ‚
215 3169 281 3221 quae
299 3159 326 3208 et
342 3155 468 3222 particula
486 3157 556 3206 enirn
574 3157 600 3207 et
617 3154 744 3207 vocabulo
763 3158 888 3223 sequente
906 3156 948 3205 uis
958 3153 1068 3221 flagitari
1081 3154 1182 3207 videtur
1200 3169 1247 3206 nec
1259 3153 1363 3205 videndi

215 3223 288 3289 origo
306 3237 320 3274 e
338 3224 364 3274 vi
383 3222 497 3275 derivata
516 3221 629 3275 Varrone
652 3221 757 3288 indigna
779 3229 832 3285 est;
860 3221 937 3274 verba
963 3225 1047 3274 tamen
1072 3239 1089 3274 a
1111 3225 1172 3273 uisu
1196 3216 1287 3274 abesse
1312 3236 1364 3273 non

213 3295 291 3357 pbsse
308 3291 407 3356 integer
424 3290 501 3343 docet
518 3305 640 3342 sensnum
661 3289 746 3343 locus:
773 3291 850 3342 uideo
868 3306 885 3340 ο
902 3291 962 3341 cisra
981 3329 987 3343 .
1006 3327 1013 3342 .
1032 3292 1064 3341 ab
1083 3293 1195 3341 auribus
1214 3327 1220 3340 .
1240 3328 1246 3342 .
1264 3291 1297 3340 ob
1316 3304 1363 3339 ors

216 3393 244 3409 ..
262 3374 278 3408 a
295 3373 378 3409 manu
395 3394 423 3410 ..
441 3373 489 3411 nec
506 3358 607 3411 initiam
626 3359 666 3410 Ab
683 3359 769 3410 oculu
786 3358 863 3410 uideo
882 3374 898 3408 a
916 3361 944 3408 oi
961 3357 1041 3410 luisse
1060 3363 1131 3425 puto,
1149 3357 1216 3410 unde
1235 3355 1361 3408 conicias:

217 3425 301 3478 Video
319 3442 336 3476 a
353 3429 422 3491 uisu,
439 3426 470 3477 id
485 3441 502 3478 a
520 3428 555 3490 ei,
573 3426 620 3479 sed
637 3426 734 3479 incerta
753 3431 793 3478 est
811 3426 965 3489 coniectura,
984 3441 1032 3478 nec
1050 3426 1071 3478 si
1085 3425 1165 3479 Varro
1182 3425 1247 3477 inira
1259 3423 1364 3490 scripsit

216 3494 356 3545 oculorum
371 3509 471 3559 semus,
488 3497 569 3560 oinos,
586 3510 669 3560 usque
685 3497 809 3561 pervenit
825 3494 862 3545 od
877 3494 980 3559 smiles,
998 3493 1152 3546 vocabulum
1171 3493 1210 3544 vis
1229 3492 1360 3557 cogitarit.

213 3560 249 3613 tt
268 3552 372 3631 ὀσμῆς,
389 3560 499 3614 olfactus
517 3560 590 3615 deest
608 3562 740 3622 indicium
766 3576 848 3631 panca
872 3561 946 3614 haias
965 3577 1055 3614 sensus
1074 3567 1100 3614 et
1118 3561 1225 3614 disiecta
1243 3559 1363 3626 leguntur

213 3628 354 3682 vocabula:
380 3630 470 3681 littera
495 3634 657 3683 commutata
682 3631 784 3682 dicitur
810 3630 881 3681 Odor
906 3629 980 3692 Olor,
1008 3631 1071 3681 binc
1089 3630 1142 3681 alst
1158 3633 1185 3678 ab
1203 3627 1320 3679 Odorari
1337 3633 1363 3679 et

217 3697 306 3749 Odore
322 3713 379 3763 res,
402 3699 441 3749 sic
458 3699 491 3749 ab
509 3713 555 3750 ore
571 3699 631 3750 lida
649 3737 657 3753 .
676 3737 683 3752 .
700 3699 764 3751 haec
782 3713 833 3750 non
852 3699 989 3750 convenire
1006 3697 1093 3763 vides,
1120 3695 1166 3749 sed
1184 3695 1259 3747 iacile
1277 3695 1303 3747 in
1322 3711 1362 3749 or·

213 3764 299 3819 dinem
318 3766 479 3832 rediguntur:

366 3833 459 3899 (Odor)
476 3837 504 3885 et
521 3833 638 3886 Odorari
654 3837 682 3884 st
700 3833 832 3886 Odoratus
854 3836 882 3883 et
900 3832 989 3884 Odora
1011 3849 1067 3895 res,
1093 3834 1132 3883 sic
1155 3830 1245 3897 (alia),·
1272 3830 1363 3883 littera

367 3906 530 3954 commutata
547 3902 649 3953 dicitur
668 3901 740 3953 Odor
759 3901 831 3968 Olor,
849 3903 912 3952 binc
931 3900 996 3954 Olet.

215 3984 272 4022 cum
294 3985 356 4023 nero
378 3969 447 4022 adsit
468 3987 485 4022 a
507 3971 568 4022 uisu
584 4006 592 4022 .
610 4006 617 4022 .
636 3970 669 4020 ab
691 3971 805 4021 numius
823 4007 829 4022 .
848 4008 855 4022 .
873 3970 906 4021 cb
924 3985 971 4020 ors
989 4006 1016 4022 ..
1035 3982 1052 4018 a
1069 3982 1165 4031 manu,
1191 3964 1232 4018 his
1258 3981 1361 4036 quoque

214 4039 358 4105 praeposita
383 4037 462 4091 verba
486 4054 504 4090 a
525 4040 638 4090 naribus
668 4051 718 4089 non
741 4037 853 4090 defuisse
877 4041 956 4105 patet.
992 4035 1044 4087 lam
1067 4049 1133 4101 quae
1154 4039 1215 4100 post
1239 4049 1361 4088 sensuum

213 4107 340 4159 vocabula
357 4107 474 4174 exposita
491 4105 595 4170 inerint,
613 4105 760 4157 coniectare
778 4105 881 4173 assequi
899 4119 950 4156 noa
968 4102 1037 4168 licet,
1059 4102 1104 4154 sed
1122 4103 1204 4155 multa
1221 4102 1360 4156 desiderari

214 4173 422 4243 conicias,·quod
439 4179 529 4228 sextus
545 4173 611 4226 liber
629 4172 759 4225 dimidiam
776 4173 853 4226 modo
873 4172 965 4240 quinti,
982 4171 1024 4224 eui
1041 4170 1092 4236 ipsi
1110 4171 1161 4224 duo
1179 4171 1272 4224 desunt
1289 4171 1362 4235 lolia,

213 4247 311 4307 partem
329 4242 452 4296 continet.
