<?xml version="1.0" encoding="UTF-8"?>
<!DOCTYPE html PUBLIC "-//W3C//DTD XHTML 1.0 Transitional//EN"
    "http://www.w3.org/TR/xhtml1/DTD/xhtml1-transitional.dtd">
<html xmlns="http://www.w3.org/1999/xhtml" xml:lang="en" lang="en">
 <head>
  <title>
</title>
<meta http-equiv="Content-Type" content="text/html;charset=utf-8" />
  <meta name='ocr-system' content='tesseract 3.04.00' />
  <meta name='ocr-capabilities' content='ocr_page ocr_carea ocr_par ocr_line ocrx_word'/>
</head>
<body>
  <div class='ocr_page' id='page_1' title='image "./mterentivarroni00varrgoog_0288.png"; bbox 0 0 3060 5048; ppageno 0'>
   <div class='ocr_carea' id='block_1_1' title="bbox 495 306 1313 374">
    <p class='ocr_par' dir='ltr' id='par_1_1' title="bbox 495 306 1313 374">
     <span class='ocr_line' id='line_1_1' title="bbox 495 306 1313 374; baseline 0.006 -13"><span class='ocrx_word' id='word_1_1' title='bbox 495 306 609 362; x_wconf 83' lang='lat' dir='ltr'><strong>LIBER</strong></span> <span class='ocrx_word' id='word_1_2' title='bbox 626 306 801 363; x_wconf 75' lang='lat' dir='ltr'><strong>OCTAVUS.</strong></span> <span class='ocrx_word' id='word_1_3' title='bbox 837 310 981 374; x_wconf 76' lang='lat' dir='ltr'><strong>§ol-lu.</strong></span> <span class='ocrx_word' id='word_1_4' title='bbox 1255 307 1313 366; x_wconf 82' lang='lat'><strong>187</strong></span> 
     </span>
    </p>
   </div>
   <div class='ocr_carea' id='block_1_2' title="bbox 132 476 1468 1376">
    <p class='ocr_par' dir='ltr' id='par_1_2' title="bbox 168 476 1316 564">
     <span class='ocr_line' id='line_1_2' title="bbox 168 476 1316 564; baseline -0.002 -19"><span class='ocrx_word' id='word_1_5' title='bbox 168 476 287 564; x_wconf 77' lang='lat' dir='ltr'><strong>possit,</strong></span> <span class='ocrx_word' id='word_1_6' title='bbox 321 476 558 563; x_wconf 88' lang='lat' dir='ltr'><strong>despiciendam</strong></span> <span class='ocrx_word' id='word_1_7' title='bbox 588 496 660 543; x_wconf 90' lang='lat' dir='ltr'><strong>eam</strong></span> <span class='ocrx_word' id='word_1_8' title='bbox 689 497 759 545; x_wconf 92' lang='lat' dir='ltr'><strong>esse</strong></span> <span class='ocrx_word' id='word_1_9' title='bbox 789 478 955 546; x_wconf 91' lang='lat' dir='ltr'><strong>rationem.</strong></span> <span class='ocrx_word' id='word_1_10' title='bbox 998 479 1098 561; x_wconf 81' lang='lat' dir='ltr'>Atqui</span> <span class='ocrx_word' id='word_1_11' title='bbox 1124 476 1316 563; x_wconf 87' lang='lat' dir='ltr'><strong>ostenditur;</strong></span> 
     </span>
    </p>

    <p class='ocr_par' dir='ltr' id='par_1_3' title="bbox 168 578 1316 665">
     <span class='ocr_line' id='line_1_3' title="bbox 168 578 1316 665; baseline 0.002 -20"><span class='ocrx_word' id='word_1_12' title='bbox 168 601 244 646; x_wconf 91' lang='lat' dir='ltr'><strong>uam</strong></span> <span class='ocrx_word' id='word_1_13' title='bbox 267 578 321 664; x_wconf 92' lang='lat' dir='ltr'><strong>qui</strong></span> <span class='ocrx_word' id='word_1_14' title='bbox 342 585 449 665; x_wconf 92' lang='lat' dir='ltr'><strong>potest</strong></span> <span class='ocrx_word' id='word_1_15' title='bbox 470 579 605 646; x_wconf 66' lang='lat' dir='ltr'><strong>similius</strong></span> <span class='ocrx_word' id='word_1_16' title='bbox 628 597 700 646; x_wconf 88' lang='lat' dir='ltr'><strong>esse</strong></span> <span class='ocrx_word' id='word_1_17' title='bbox 723 598 819 661; x_wconf 87' lang='lat' dir='ltr'><strong>quam</strong></span> <span class='ocrx_word' id='word_1_18' title='bbox 841 580 945 663; x_wconf 86' lang='lat' dir='ltr'><strong>Gens,</strong></span> <span class='ocrx_word' id='word_1_19' title='bbox 967 579 1074 659; x_wconf 90' lang='lat' dir='ltr'><strong>Mens,</strong></span> <span class='ocrx_word' id='word_1_20' title='bbox 1099 581 1212 646; x_wconf 81' lang='lat' dir='ltr'><strong>Dens?</strong></span> <span class='ocrx_word' id='word_1_21' title='bbox 1246 601 1316 647; x_wconf 91' lang='lat' dir='ltr'><strong>curn</strong></span> 
     </span>
    </p>

    <p class='ocr_par' dir='ltr' id='par_1_4' title="bbox 170 679 1316 766">
     <span class='ocr_line' id='line_1_4' title="bbox 170 679 1316 766; baseline 0.001 -20"><span class='ocrx_word' id='word_1_22' title='bbox 170 682 282 749; x_wconf 91' lang='lat' dir='ltr'><strong>horum</strong></span> <span class='ocrx_word' id='word_1_23' title='bbox 305 701 398 748; x_wconf 92' lang='lat' dir='ltr'><strong>casus</strong></span> <span class='ocrx_word' id='word_1_24' title='bbox 424 681 564 766; x_wconf 89' lang='lat' dir='ltr'><strong>patricus</strong></span> <span class='ocrx_word' id='word_1_25' title='bbox 587 688 619 749; x_wconf 88' lang='lat' dir='ltr'><strong>et</strong></span> <span class='ocrx_word' id='word_1_26' title='bbox 640 681 842 748; x_wconf 86' lang='lat' dir='ltr'><strong>accusativus</strong></span> <span class='ocrx_word' id='word_1_27' title='bbox 870 681 904 748; x_wconf 90' lang='lat' dir='ltr'><strong>in</strong></span> <span class='ocrx_word' id='word_1_28' title='bbox 933 680 1134 748; x_wconf 86' lang='lat' dir='ltr'><strong>multitudine</strong></span> <span class='ocrx_word' id='word_1_29' title='bbox 1162 679 1226 746; x_wconf 88' lang='lat' dir='ltr'><strong>sint</strong></span> <span class='ocrx_word' id='word_1_30' title='bbox 1253 681 1316 748; x_wconf 93' lang='lat' dir='ltr'><strong>dis-</strong></span> 
     </span>
    </p>

    <p class='ocr_par' dir='ltr' id='par_1_5' title="bbox 132 781 1468 970">
     <span class='ocr_line' id='line_1_5' title="bbox 169 781 1468 869; baseline 0.004 -19"><span class='ocrx_word' id='word_1_31' title='bbox 169 783 296 869; x_wconf 88' lang='lat' dir='ltr'><strong>parilis;</strong></span> <span class='ocrx_word' id='word_1_32' title='bbox 327 803 403 848; x_wconf 88' lang='lat' dir='ltr'><strong>nam</strong></span> <span class='ocrx_word' id='word_1_33' title='bbox 425 804 446 849; x_wconf 88' lang='lat' dir='ltr'><strong>a</strong></span> <span class='ocrx_word' id='word_1_34' title='bbox 467 783 568 868; x_wconf 92' lang='lat' dir='ltr'><strong>primo</strong></span> <span class='ocrx_word' id='word_1_35' title='bbox 590 781 627 847; x_wconf 94' lang='lat' dir='ltr'><strong>fit</strong></span> <span class='ocrx_word' id='word_1_36' title='bbox 648 783 799 849; x_wconf 85' lang='lat' dir='ltr'><strong>Gentium</strong></span> <span class='ocrx_word' id='word_1_37' title='bbox 821 789 854 848; x_wconf 86' lang='lat' dir='ltr'><strong>et</strong></span> <span class='ocrx_word' id='word_1_38' title='bbox 875 783 1001 866; x_wconf 82' lang='lat' dir='ltr'><strong>Gentis,</strong></span> <span class='ocrx_word' id='word_1_39' title='bbox 1023 783 1193 864; x_wconf 82' lang='lat' dir='ltr'>utrubique</span> <span class='ocrx_word' id='word_1_40' title='bbox 1216 789 1251 848; x_wconf 89' lang='lat' dir='ltr'><strong>ut</strong></span> <span class='ocrx_word' id='word_1_41' title='bbox 1273 781 1468 854; x_wconf 70' lang='lat' dir='ltr'><strong>sitiemus-¹1</strong></span> 
     </span>
     <span class='ocr_line' id='line_1_6' title="bbox 132 883 1316 970; baseline 0.001 -22"><span class='ocrx_word' id='word_1_42' title='bbox 132 899 146 948; x_wconf 85' lang='lat' dir='ltr'><strong>s</strong></span> <span class='ocrx_word' id='word_1_43' title='bbox 168 887 194 969; x_wconf 95' lang='lat' dir='ltr'><strong>I,</strong></span> <span class='ocrx_word' id='word_1_44' title='bbox 216 884 258 951; x_wconf 90' lang='lat' dir='ltr'><strong>ab</strong></span> <span class='ocrx_word' id='word_1_45' title='bbox 280 884 421 951; x_wconf 90' lang='lat' dir='ltr'><strong>secundo</strong></span> <span class='ocrx_word' id='word_1_46' title='bbox 445 884 598 950; x_wconf 91' lang='lat' dir='ltr'><strong>Mentium</strong></span> <span class='ocrx_word' id='word_1_47' title='bbox 621 891 654 951; x_wconf 89' lang='lat' dir='ltr'><strong>et</strong></span> <span class='ocrx_word' id='word_1_48' title='bbox 675 885 810 969; x_wconf 91' lang='lat' dir='ltr'><strong>Mentes,</strong></span> <span class='ocrx_word' id='word_1_49' title='bbox 835 891 870 950; x_wconf 87' lang='lat' dir='ltr'><strong>ut</strong></span> <span class='ocrx_word' id='word_1_50' title='bbox 891 885 924 950; x_wconf 94' lang='lat' dir='ltr'><strong>in</strong></span> <span class='ocrx_word' id='word_1_51' title='bbox 945 886 1050 970; x_wconf 89' lang='lat' dir='ltr'><strong>priore</strong></span> <span class='ocrx_word' id='word_1_52' title='bbox 1072 885 1140 952; x_wconf 92' lang='lat' dir='ltr'><strong>solo</strong></span> <span class='ocrx_word' id='word_1_53' title='bbox 1163 883 1207 951; x_wconf 91' lang='lat' dir='ltr'><strong>sit</strong></span> <span class='ocrx_word' id='word_1_54' title='bbox 1227 885 1252 968; x_wconf 91' lang='lat'><strong>1,</strong></span> <span class='ocrx_word' id='word_1_55' title='bbox 1275 884 1316 950; x_wconf 92' lang='lat' dir='ltr'><strong>ab</strong></span> 
     </span>
    </p>

    <p class='ocr_par' dir='ltr' id='par_1_6' title="bbox 170 985 1423 1073">
     <span class='ocr_line' id='line_1_7' title="bbox 170 985 1423 1073; baseline 0.004 -21"><span class='ocrx_word' id='word_1_56' title='bbox 170 987 264 1054; x_wconf 91' lang='lat' dir='ltr'><strong>tertio</strong></span> <span class='ocrx_word' id='word_1_57' title='bbox 285 987 427 1052; x_wconf 89' lang='lat' dir='ltr'><strong>Dentum</strong></span> <span class='ocrx_word' id='word_1_58' title='bbox 450 992 482 1052; x_wconf 88' lang='lat' dir='ltr'><strong>et</strong></span> <span class='ocrx_word' id='word_1_59' title='bbox 497 986 628 1070; x_wconf 82' lang='lat' dir='ltr'>Dentes,</span> <span class='ocrx_word' id='word_1_60' title='bbox 651 992 686 1052; x_wconf 90' lang='lat' dir='ltr'><strong>ut</strong></span> <span class='ocrx_word' id='word_1_61' title='bbox 707 986 740 1051; x_wconf 90' lang='lat' dir='ltr'><strong>in</strong></span> <span class='ocrx_word' id='word_1_62' title='bbox 762 992 874 1054; x_wconf 93' lang='lat' dir='ltr'><strong>neutro</strong></span> <span class='ocrx_word' id='word_1_63' title='bbox 896 987 946 1054; x_wconf 86' lang='lat' dir='ltr'><strong>sit.</strong></span> <span class='ocrx_word' id='word_1_64' title='bbox 991 985 1045 1052; x_wconf 87' lang='lat' dir='ltr'><strong>Sic</strong></span> <span class='ocrx_word' id='word_1_65' title='bbox 1066 986 1143 1053; x_wconf 92' lang='lat' dir='ltr'><strong>item</strong></span> <span class='ocrx_word' id='word_1_66' title='bbox 1165 985 1316 1068; x_wconf 88' lang='lat' dir='ltr'><strong>quoniam</strong></span> <span class='ocrx_word' id='word_1_67' title='bbox 1338 993 1358 1073; x_wconf 65' lang='grc' dir='ltr'>ξ</span> <span class='ocrx_word' id='word_1_68' title='bbox 1383 994 1423 1057; x_wconf 88' lang='grc'><strong>68</strong></span> 
     </span>
    </p>

    <p class='ocr_par' dir='ltr' id='par_1_7' title="bbox 170 1087 1317 1174">
     <span class='ocr_line' id='line_1_8' title="bbox 170 1087 1317 1174; baseline -0.001 -21"><span class='ocrx_word' id='word_1_69' title='bbox 170 1088 275 1154; x_wconf 92' lang='lat' dir='ltr'><strong>simile</strong></span> <span class='ocrx_word' id='word_1_70' title='bbox 298 1094 347 1153; x_wconf 88' lang='lat' dir='ltr'><strong>est</strong></span> <span class='ocrx_word' id='word_1_71' title='bbox 368 1093 454 1154; x_wconf 87' lang='lat' dir='ltr'><strong>recto</strong></span> <span class='ocrx_word' id='word_1_72' title='bbox 477 1106 553 1154; x_wconf 91' lang='lat' dir='ltr'><strong>casu</strong></span> <span class='ocrx_word' id='word_1_73' title='bbox 575 1087 706 1154; x_wconf 87' lang='lat' dir='ltr'><strong>Sciurus</strong></span> <span class='ocrx_word' id='word_1_74' title='bbox 728 1090 837 1173; x_wconf 83' lang='lat' dir='ltr'>Lupus</span> <span class='ocrx_word' id='word_1_75' title='bbox 861 1090 977 1174; x_wconf 88' lang='lat' dir='ltr'><strong>Lepus,</strong></span> <span class='ocrx_word' id='word_1_76' title='bbox 998 1094 1122 1170; x_wconf 83' lang='lat' dir='ltr'><strong>rogant,</strong></span> <span class='ocrx_word' id='word_1_77' title='bbox 1153 1107 1232 1168; x_wconf 89' lang='lat' dir='ltr'><strong>quor</strong></span> <span class='ocrx_word' id='word_1_78' title='bbox 1253 1107 1317 1155; x_wconf 94' lang='lat' dir='ltr'><strong>non</strong></span> 
     </span>
    </p>

    <p class='ocr_par' dir='ltr' id='par_1_8' title="bbox 171 1187 1319 1275">
     <span class='ocr_line' id='line_1_9' title="bbox 171 1187 1319 1275; baseline -0.001 -20"><span class='ocrx_word' id='word_1_79' title='bbox 171 1191 295 1257; x_wconf 89' lang='lat' dir='ltr'><strong>dicatur</strong></span> <span class='ocrx_word' id='word_1_80' title='bbox 316 1188 522 1272; x_wconf 83' lang='lat' dir='ltr'><strong>proportione</strong></span> <span class='ocrx_word' id='word_1_81' title='bbox 542 1189 617 1256; x_wconf 91' lang='lat' dir='ltr'><strong>item</strong></span> <span class='ocrx_word' id='word_1_82' title='bbox 634 1189 745 1256; x_wconf 87' lang='lat' dir='ltr'><strong>Seiuro</strong></span> <span class='ocrx_word' id='word_1_83' title='bbox 761 1191 851 1275; x_wconf 88' lang='lat' dir='ltr'><strong>Lupo</strong></span> <span class='ocrx_word' id='word_1_84' title='bbox 867 1192 982 1274; x_wconf 70' lang='lat' dir='ltr'><strong>Lepo.</strong></span> <span class='ocrx_word' id='word_1_85' title='bbox 1009 1188 1066 1255; x_wconf 85' lang='lat' dir='ltr'><strong>Sin</strong></span> <span class='ocrx_word' id='word_1_86' title='bbox 1087 1187 1319 1274; x_wconf 79' lang='lat' dir='ltr'><strong>respondeatur</strong></span> 
     </span>
    </p>

    <p class='ocr_par' dir='ltr' id='par_1_9' title="bbox 171 1290 1317 1376">
     <span class='ocr_line' id='line_1_10' title="bbox 171 1290 1317 1376; baseline 0.001 -20"><span class='ocrx_word' id='word_1_87' title='bbox 171 1290 288 1357; x_wconf 85' lang='lat' dir='ltr'><strong>similia</strong></span> <span class='ocrx_word' id='word_1_88' title='bbox 316 1310 380 1357; x_wconf 91' lang='lat' dir='ltr'><strong>non</strong></span> <span class='ocrx_word' id='word_1_89' title='bbox 408 1310 496 1374; x_wconf 93' lang='lat' dir='ltr'><strong>esse,</strong></span> <span class='ocrx_word' id='word_1_90' title='bbox 531 1291 616 1372; x_wconf 92' lang='lat' dir='ltr'><strong>quod</strong></span> <span class='ocrx_word' id='word_1_91' title='bbox 639 1311 679 1356; x_wconf 87' lang='lat' dir='ltr'><strong>ea</strong></span> <span class='ocrx_word' id='word_1_92' title='bbox 700 1311 851 1358; x_wconf 86' lang='lat' dir='ltr'><strong>vocemus</strong></span> <span class='ocrx_word' id='word_1_93' title='bbox 874 1291 1072 1358; x_wconf 79' lang='lat' dir='ltr'><strong>dissimiliter</strong></span> <span class='ocrx_word' id='word_1_94' title='bbox 1094 1291 1205 1358; x_wconf 85' lang='lat' dir='ltr'><strong>Sciure</strong></span> <span class='ocrx_word' id='word_1_95' title='bbox 1226 1292 1317 1376; x_wconf 90' lang='lat' dir='ltr'>Lupe</span> 
     </span>
    </p>
   </div>
   <div class='ocr_carea' id='block_1_3' title="bbox 118 1390 1317 1483">
    <p class='ocr_par' dir='ltr' id='par_1_10' title="bbox 118 1390 1317 1483">
     <span class='ocr_line' id='line_1_11' title="bbox 118 1390 1317 1483; baseline 0.001 -26"><span class='ocrx_word' id='word_1_96' title='bbox 118 1407 147 1458; x_wconf 83' lang='lat' dir='ltr'><strong>ro</strong></span> <span class='ocrx_word' id='word_1_97' title='bbox 170 1395 275 1478; x_wconf 87' lang='lat' dir='ltr'><strong>Lepus</strong></span> <span class='ocrx_word' id='word_1_98' title='bbox 297 1427 340 1437; x_wconf 95' lang='lat'>-</span> <span class='ocrx_word' id='word_1_99' title='bbox 361 1390 1218 1483; x_wconf 44' lang='lat' dir='ltr'><strong>sewwwwu,</strong></span> <span class='ocrx_word' id='word_1_100' title='bbox 1242 1414 1317 1459; x_wconf 88' lang='lat' dir='ltr'><strong>nam</strong></span> 
     </span>
    </p>
   </div>
   <div class='ocr_carea' id='block_1_4' title="bbox 120 1481 1470 2186">
    <p class='ocr_par' dir='ltr' id='par_1_11' title="bbox 171 1481 1470 1885">
     <span class='ocr_line' id='line_1_12' title="bbox 171 1481 1470 1578; baseline -0.001 -17"><span class='ocrx_word' id='word_1_101' title='bbox 171 1515 241 1562; x_wconf 91' lang='lat' dir='ltr'><strong>cum</strong></span> <span class='ocrx_word' id='word_1_102' title='bbox 263 1493 444 1578; x_wconf 80' lang='lat' dir='ltr'><strong>scripsisset</strong></span> <span class='ocrx_word' id='word_1_103' title='bbox 465 1493 583 1560; x_wconf 81' lang='lat' dir='ltr'><strong>similia</strong></span> <span class='ocrx_word' id='word_1_104' title='bbox 605 1514 675 1561; x_wconf 93' lang='lat' dir='ltr'><strong>esse</strong></span> <span class='ocrx_word' id='word_1_105' title='bbox 697 1481 901 1560; x_wconf 72' lang='lat' dir='ltr'><strong>Philomedes</strong></span> <span class='ocrx_word' id='word_1_106' title='bbox 917 1493 1105 1561; x_wconf 83' lang='lat' dir='ltr'><strong>Heraclides</strong></span> <span class='ocrx_word' id='word_1_107' title='bbox 1126 1495 1316 1577; x_wconf 78' lang='lat' dir='ltr'><strong>Melicertes,</strong></span> <span class='ocrx_word' id='word_1_108' title='bbox 1329 1496 1470 1553; x_wconf 64' lang='lat' dir='ltr'><strong>(alliso-¹)</strong></span> 
     </span>
     <span class='ocr_line' id='line_1_13' title="bbox 171 1592 1317 1682; baseline -0.003 -19"><span class='ocrx_word' id='word_1_109' title='bbox 171 1598 253 1663; x_wconf 88' lang='lat' dir='ltr'><strong>dixit</strong></span> <span class='ocrx_word' id='word_1_110' title='bbox 273 1617 338 1663; x_wconf 90' lang='lat' dir='ltr'><strong>non</strong></span> <span class='ocrx_word' id='word_1_111' title='bbox 360 1616 430 1662; x_wconf 91' lang='lat' dir='ltr'><strong>esse</strong></span> <span class='ocrx_word' id='word_1_112' title='bbox 459 1596 590 1674; x_wconf 88' lang='lat' dir='ltr'><strong>similia;</strong></span> <span class='ocrx_word' id='word_1_113' title='bbox 623 1598 656 1661; x_wconf 92' lang='lat' dir='ltr'><strong>in</strong></span> <span class='ocrx_word' id='word_1_114' title='bbox 683 1596 829 1663; x_wconf 84' lang='lat' dir='ltr'><strong>vocando</strong></span> <span class='ocrx_word' id='word_1_115' title='bbox 859 1596 944 1662; x_wconf 90' lang='lat' dir='ltr'><strong>enim</strong></span> <span class='ocrx_word' id='word_1_116' title='bbox 970 1615 1042 1662; x_wconf 94' lang='lat' dir='ltr'><strong>cum</strong></span> <span class='ocrx_word' id='word_1_117' title='bbox 1064 1592 1118 1682; x_wconf 64' lang='lat' dir='ltr'><strong>[lu]</strong></span> <span class='ocrx_word' id='word_1_118' title='bbox 1142 1597 1231 1663; x_wconf 88' lang='lat' dir='ltr'><strong>brevi</strong></span> <span class='ocrx_word' id='word_1_119' title='bbox 1254 1595 1317 1662; x_wconf 92' lang='lat' dir='ltr'><strong>dici</strong></span> 
     </span>
     <span class='ocr_line' id='line_1_14' title="bbox 171 1694 1318 1783; baseline 0.001 -20"><span class='ocrx_word' id='word_1_120' title='bbox 171 1697 387 1782; x_wconf 89' lang='lat' dir='ltr'><strong>Philomedes,</strong></span> <span class='ocrx_word' id='word_1_121' title='bbox 410 1718 482 1764; x_wconf 94' lang='lat' dir='ltr'><strong>cum</strong></span> <span class='ocrx_word' id='word_1_122' title='bbox 504 1697 531 1760; x_wconf 87' lang='grc' dir='ltr'><strong>Ε</strong></span> <span class='ocrx_word' id='word_1_123' title='bbox 554 1697 649 1780; x_wconf 86' lang='lat' dir='ltr'><strong>longo</strong></span> <span class='ocrx_word' id='word_1_124' title='bbox 672 1697 853 1780; x_wconf 87' lang='lat' dir='ltr'><strong>Heraclide,</strong></span> <span class='ocrx_word' id='word_1_125' title='bbox 877 1718 948 1763; x_wconf 92' lang='lat' dir='ltr'><strong>cum</strong></span> <span class='ocrx_word' id='word_1_126' title='bbox 963 1694 1019 1783; x_wconf 88' lang='lat' dir='ltr'><strong>[A]</strong></span> <span class='ocrx_word' id='word_1_127' title='bbox 1035 1698 1126 1766; x_wconf 85' lang='lat' dir='ltr'><strong>brevi</strong></span> <span class='ocrx_word' id='word_1_128' title='bbox 1143 1698 1318 1779; x_wconf 88' lang='lat' dir='ltr'><strong>Melicerta,</strong></span> 
     </span>
     <span class='ocr_line' id='line_1_15' title="bbox 172 1797 1320 1885; baseline -0.002 -19"><span class='ocrx_word' id='word_1_129' title='bbox 172 1802 206 1867; x_wconf 92' lang='lat' dir='ltr'><strong>in</strong></span> <span class='ocrx_word' id='word_1_130' title='bbox 228 1801 289 1866; x_wconf 91' lang='lat' dir='ltr'><strong>hoc</strong></span> <span class='ocrx_word' id='word_1_131' title='bbox 312 1798 423 1865; x_wconf 88' lang='lat' dir='ltr'><strong>dicunt</strong></span> <span class='ocrx_word' id='word_1_132' title='bbox 443 1797 664 1864; x_wconf 87' lang='lat' dir='ltr'><strong>Aristarchum</strong></span> <span class='ocrx_word' id='word_1_133' title='bbox 686 1821 749 1865; x_wconf 90' lang='lat' dir='ltr'><strong>non</strong></span> <span class='ocrx_word' id='word_1_134' title='bbox 775 1800 973 1867; x_wconf 86' lang='lat' dir='ltr'><strong>intellexisse</strong></span> <span class='ocrx_word' id='word_1_135' title='bbox 999 1801 1086 1883; x_wconf 92' lang='lat' dir='ltr'><strong>quod</strong></span> <span class='ocrx_word' id='word_1_136' title='bbox 1114 1807 1320 1885; x_wconf 89' lang='lat' dir='ltr'><strong>quaereretur</strong></span> 
     </span>
    </p>

    <p class='ocr_par' dir='ltr' id='par_1_12' title="bbox 120 1896 1425 2186">
     <span class='ocr_line' id='line_1_16' title="bbox 120 1896 1425 1984; baseline -0.002 -16"><span class='ocrx_word' id='word_1_137' title='bbox 120 1918 148 1968; x_wconf 85' lang='lat'><strong>15</strong></span> <span class='ocrx_word' id='word_1_138' title='bbox 170 1922 206 1969; x_wconf 93' lang='lat' dir='ltr'><strong>se</strong></span> <span class='ocrx_word' id='word_1_139' title='bbox 233 1922 296 1969; x_wconf 91' lang='lat' dir='ltr'><strong>non</strong></span> <span class='ocrx_word' id='word_1_140' title='bbox 325 1901 460 1966; x_wconf 90' lang='lat' dir='ltr'><strong>solvere.</strong></span> <span class='ocrx_word' id='word_1_141' title='bbox 519 1898 572 1965; x_wconf 85' lang='lat' dir='ltr'><strong>Sic</strong></span> <span class='ocrx_word' id='word_1_142' title='bbox 601 1900 701 1981; x_wconf 90' lang='lat' dir='ltr'><strong>enim,</strong></span> <span class='ocrx_word' id='word_1_143' title='bbox 732 1905 767 1966; x_wconf 86' lang='lat' dir='ltr'><strong>ut</strong></span> <span class='ocrx_word' id='word_1_144' title='bbox 795 1901 931 1984; x_wconf 90' lang='lat' dir='ltr'><strong>quicque</strong></span> <span class='ocrx_word' id='word_1_145' title='bbox 958 1900 991 1966; x_wconf 92' lang='lat' dir='ltr'><strong>in</strong></span> <span class='ocrx_word' id='word_1_146' title='bbox 1020 1901 1159 1984; x_wconf 90' lang='lat' dir='ltr'><strong>obliquis</strong></span> <span class='ocrx_word' id='word_1_147' title='bbox 1190 1901 1319 1968; x_wconf 90' lang='lat' dir='ltr'><strong>casibus</strong></span> <span class='ocrx_word' id='word_1_148' title='bbox 1343 1896 1363 1976; x_wconf 67' lang='grc' dir='ltr'><strong>ἓ</strong></span> <span class='ocrx_word' id='word_1_149' title='bbox 1385 1897 1425 1960; x_wconf 84' lang='grc'><strong>69</strong></span> 
     </span>
     <span class='ocr_line' id='line_1_17' title="bbox 170 2000 1320 2086; baseline -0.003 -15"><span class='ocrx_word' id='word_1_150' title='bbox 170 2002 383 2086; x_wconf 88' lang='lat' dir='ltr'><strong>discrepavit,</strong></span> <span class='ocrx_word' id='word_1_151' title='bbox 418 2000 524 2068; x_wconf 91' lang='lat' dir='ltr'><strong>dicere</strong></span> <span class='ocrx_word' id='word_1_152' title='bbox 551 2001 655 2086; x_wconf 89' lang='lat' dir='ltr'><strong>potuit</strong></span> <span class='ocrx_word' id='word_1_153' title='bbox 685 2008 814 2086; x_wconf 91' lang='lat' dir='ltr'><strong>propter</strong></span> <span class='ocrx_word' id='word_1_154' title='bbox 835 2021 906 2067; x_wconf 90' lang='lat' dir='ltr'><strong>eam</strong></span> <span class='ocrx_word' id='word_1_155' title='bbox 928 2022 995 2070; x_wconf 92' lang='lat' dir='ltr'><strong>rem</strong></span> <span class='ocrx_word' id='word_1_156' title='bbox 1018 2008 1121 2069; x_wconf 91' lang='lat' dir='ltr'><strong>rectos</strong></span> <span class='ocrx_word' id='word_1_157' title='bbox 1143 2023 1235 2070; x_wconf 89' lang='lat' dir='ltr'><strong>casus</strong></span> <span class='ocrx_word' id='word_1_158' title='bbox 1256 2024 1320 2069; x_wconf 91' lang='lat' dir='ltr'><strong>non</strong></span> 
     </span>
     <span class='ocr_line' id='line_1_18' title="bbox 171 2101 1318 2186; baseline -0.002 -15"><span class='ocrx_word' id='word_1_159' title='bbox 171 2123 242 2172; x_wconf 88' lang='lat' dir='ltr'><strong>esse</strong></span> <span class='ocrx_word' id='word_1_160' title='bbox 264 2101 393 2184; x_wconf 76' lang='lat' dir='ltr'><strong>similis,</strong></span> <span class='ocrx_word' id='word_1_161' title='bbox 425 2123 521 2184; x_wconf 94' lang='lat' dir='ltr'><strong>quom</strong></span> <span class='ocrx_word' id='word_1_162' title='bbox 544 2110 715 2185; x_wconf 87' lang='lat' dir='ltr'><strong>quaeratur</strong></span> <span class='ocrx_word' id='word_1_163' title='bbox 738 2102 801 2169; x_wconf 92' lang='lat' dir='ltr'><strong>duo</strong></span> <span class='ocrx_word' id='word_1_164' title='bbox 823 2104 905 2168; x_wconf 91' lang='lat' dir='ltr'><strong>inter</strong></span> <span class='ocrx_word' id='word_1_165' title='bbox 927 2124 962 2169; x_wconf 93' lang='lat' dir='ltr'><strong>se</strong></span> <span class='ocrx_word' id='word_1_166' title='bbox 984 2104 1103 2170; x_wconf 91' lang='lat' dir='ltr'><strong>similia</strong></span> <span class='ocrx_word' id='word_1_167' title='bbox 1125 2104 1187 2169; x_wconf 87' lang='lat' dir='ltr'><strong>sint</strong></span> <span class='ocrx_word' id='word_1_168' title='bbox 1209 2124 1318 2186; x_wconf 91' lang='lat' dir='ltr'><strong>necne,</strong></span> 
     </span>
    </p>
   </div>
   <div class='ocr_carea' id='block_1_5' title="bbox 170 2202 1473 2335">
    <p class='ocr_par' dir='ltr' id='par_1_13' title="bbox 170 2202 1473 2335">
     <span class='ocr_line' id='line_1_19' title="bbox 170 2202 1473 2335; baseline -0.004 -63"><span class='ocrx_word' id='word_1_169' title='bbox 170 2225 234 2272; x_wconf 94' lang='lat' dir='ltr'><strong>non</strong></span> <span class='ocrx_word' id='word_1_170' title='bbox 268 2205 387 2270; x_wconf 91' lang='lat' dir='ltr'><strong>debere</strong></span> <span class='ocrx_word' id='word_1_171' title='bbox 420 2204 618 2270; x_wconf 84' lang='lat' dir='ltr'><strong>extrinsecus</strong></span> <span class='ocrx_word' id='word_1_172' title='bbox 651 2204 775 2270; x_wconf 90' lang='lat' dir='ltr'><strong>adsumi</strong></span> <span class='ocrx_word' id='word_1_173' title='bbox 810 2225 864 2271; x_wconf 92' lang='lat' dir='ltr'><strong>cur</strong></span> <span class='ocrx_word' id='word_1_174' title='bbox 897 2205 1014 2270; x_wconf 84' lang='lat' dir='ltr'><strong>similia</strong></span> <span class='ocrx_word' id='word_1_175' title='bbox 1047 2211 1128 2271; x_wconf 88' lang='lat' dir='ltr'><strong>suut.</strong></span> <span class='ocrx_word' id='word_1_176' title='bbox 1176 2207 1259 2271; x_wconf 83' lang='lat' dir='ltr'><strong>item</strong></span> <span class='ocrx_word' id='word_1_177' title='bbox 1292 2202 1473 2335; x_wconf 32' lang='lat' dir='ltr'><strong>sipia-isim,</strong></span> 
     </span>
    </p>
   </div>
   <div class='ocr_carea' id='block_1_6' title="bbox 170 2353 1320 2850">
    <p class='ocr_par' dir='ltr' id='par_1_14' title="bbox 170 2353 1320 2850">
     <span class='ocr_line' id='line_1_20' title="bbox 257 2353 1318 2425; baseline -0.001 -17"><span class='ocrx_word' id='word_1_178' title='bbox 257 2360 269 2408; x_wconf 86' lang='lat'>1</span> <span class='ocrx_word' id='word_1_179' title='bbox 290 2353 495 2425; x_wconf 90' lang='lat' dir='ltr'><strong>despiciendum</strong></span> <span class='ocrx_word' id='word_1_180' title='bbox 512 2371 539 2423; x_wconf 89' lang='lat' dir='ltr'><strong>p.</strong></span> <span class='ocrx_word' id='word_1_181' title='bbox 558 2384 591 2394; x_wconf 89' lang='lat'>-</span> <span class='ocrx_word' id='word_1_182' title='bbox 609 2353 694 2422; x_wconf 89' lang='lat' dir='ltr'><strong>atqui]</strong></span> <span class='ocrx_word' id='word_1_183' title='bbox 713 2355 794 2423; x_wconf 88' lang='lat' dir='ltr'><strong>aequi</strong></span> <span class='ocrx_word' id='word_1_184' title='bbox 810 2371 836 2421; x_wconf 88' lang='lat' dir='ltr'><strong>a,</strong></span> <span class='ocrx_word' id='word_1_185' title='bbox 854 2360 936 2424; x_wconf 88' lang='lat' dir='ltr'><strong>atque</strong></span> <span class='ocrx_word' id='word_1_186' title='bbox 954 2355 987 2421; x_wconf 81' lang='lat' dir='ltr'><strong>G,</strong></span> <span class='ocrx_word' id='word_1_187' title='bbox 1012 2355 1101 2408; x_wconf 81' lang='lat' dir='ltr'><strong>lacco.</strong></span> <span class='ocrx_word' id='word_1_188' title='bbox 1119 2354 1158 2408; x_wconf 88' lang='lat' dir='ltr'><strong>M.</strong></span> <span class='ocrx_word' id='word_1_189' title='bbox 1177 2385 1210 2394; x_wconf 88' lang='lat'><em>-</em></span> <span class='ocrx_word' id='word_1_190' title='bbox 1229 2357 1244 2406; x_wconf 80' lang='lat'><strong>2</strong></span> <span class='ocrx_word' id='word_1_191' title='bbox 1263 2353 1318 2422; x_wconf 82' lang='lat' dir='ltr'><strong>qui]</strong></span> 
     </span>
     <span class='ocr_line' id='line_1_21' title="bbox 170 2438 1319 2509; baseline -0.004 -13"><span class='ocrx_word' id='word_1_192' title='bbox 170 2441 211 2496; x_wconf 84' lang='lat' dir='ltr'><strong>sic</strong></span> <span class='ocrx_word' id='word_1_193' title='bbox 222 2441 255 2495; x_wconf 94' lang='lat' dir='ltr'><strong>F.</strong></span> <span class='ocrx_word' id='word_1_194' title='bbox 275 2470 306 2479; x_wconf 93' lang='lat'><em>-</em></span> <span class='ocrx_word' id='word_1_195' title='bbox 325 2456 391 2508; x_wconf 81' lang='lat' dir='ltr'><strong>gens</strong></span> <span class='ocrx_word' id='word_1_196' title='bbox 404 2455 480 2494; x_wconf 90' lang='lat' dir='ltr'><strong>mens</strong></span> <span class='ocrx_word' id='word_1_197' title='bbox 492 2439 569 2506; x_wconf 90' lang='lat' dir='ltr'><strong>dens]</strong></span> <span class='ocrx_word' id='word_1_198' title='bbox 583 2438 655 2507; x_wconf 76' lang='lat' dir='ltr'><strong>usp,</strong></span> <span class='ocrx_word' id='word_1_199' title='bbox 672 2454 749 2493; x_wconf 89' lang='lat' dir='ltr'><strong>mens</strong></span> <span class='ocrx_word' id='word_1_200' title='bbox 761 2455 826 2509; x_wconf 84' lang='lat' dir='ltr'><strong>gens</strong></span> <span class='ocrx_word' id='word_1_201' title='bbox 845 2441 911 2494; x_wconf 88' lang='lat' dir='ltr'><strong>dens</strong></span> <span class='ocrx_word' id='word_1_202' title='bbox 923 2441 956 2507; x_wconf 88' lang='lat' dir='ltr'><strong>F,</strong></span> <span class='ocrx_word' id='word_1_203' title='bbox 978 2455 1054 2494; x_wconf 91' lang='lat' dir='ltr'><strong>mens</strong></span> <span class='ocrx_word' id='word_1_204' title='bbox 1072 2439 1138 2493; x_wconf 91' lang='lat' dir='ltr'><strong>dens</strong></span> <span class='ocrx_word' id='word_1_205' title='bbox 1156 2454 1222 2507; x_wconf 87' lang='lat' dir='ltr'><strong>gens</strong></span> <span class='ocrx_word' id='word_1_206' title='bbox 1234 2439 1319 2492; x_wconf 89' lang='lat' dir='ltr'><strong>Lae·</strong></span> 
     </span>
     <span class='ocr_line' id='line_1_22' title="bbox 170 2517 1318 2593; baseline -0.006 -11"><span class='ocrx_word' id='word_1_207' title='bbox 170 2530 234 2582; x_wconf 91' lang='lat' dir='ltr'><strong>tus.</strong></span> <span class='ocrx_word' id='word_1_208' title='bbox 263 2555 296 2564; x_wconf 88' lang='lat'>-</span> <span class='ocrx_word' id='word_1_209' title='bbox 323 2524 558 2580; x_wconf 86' lang='lat' dir='ltr'><strong>3multitudinem</strong></span> <span class='ocrx_word' id='word_1_210' title='bbox 576 2523 609 2579; x_wconf 87' lang='lat' dir='ltr'><strong>V.</strong></span> <span class='ocrx_word' id='word_1_211' title='bbox 634 2517 713 2593; x_wconf 79' lang='lat' dir='ltr'><strong>‘fort</strong></span> <span class='ocrx_word' id='word_1_212' title='bbox 731 2521 926 2579; x_wconf 87' lang='lat' dir='ltr'><strong>multitudinis‘</strong></span> <span class='ocrx_word' id='word_1_213' title='bbox 946 2524 1017 2593; x_wconf 83' lang='lat' dir='ltr'><strong>Lsp.</strong></span> <span class='ocrx_word' id='word_1_214' title='bbox 1045 2555 1077 2562; x_wconf 96' lang='lat'><em>-</em></span> <span class='ocrx_word' id='word_1_215' title='bbox 1105 2522 1175 2578; x_wconf 75' lang='lat' dir='ltr'><strong>isit</strong></span> <span class='ocrx_word' id='word_1_216' title='bbox 1191 2523 1214 2586; x_wconf 90' lang='lat' dir='ltr'><strong>I]</strong></span> <span class='ocrx_word' id='word_1_217' title='bbox 1232 2522 1318 2592; x_wconf 84' lang='lat' dir='ltr'><strong>vulg.</strong></span> 
     </span>
     <span class='ocr_line' id='line_1_23' title="bbox 171 2607 1317 2676; baseline -0.003 -12"><span class='ocrx_word' id='word_1_218' title='bbox 171 2627 209 2666; x_wconf 80' lang='lat' dir='ltr'><strong>ccc</strong></span> <span class='ocrx_word' id='word_1_219' title='bbox 220 2611 252 2675; x_wconf 88' lang='lat' dir='ltr'><strong>B,</strong></span> <span class='ocrx_word' id='word_1_220' title='bbox 271 2609 307 2665; x_wconf 88' lang='lat' dir='ltr'><strong>sit</strong></span> <span class='ocrx_word' id='word_1_221' title='bbox 318 2610 350 2663; x_wconf 90' lang='lat' dir='ltr'><strong>F.</strong></span> <span class='ocrx_word' id='word_1_222' title='bbox 370 2640 404 2648; x_wconf 95' lang='lat'><strong>—-</strong></span> <span class='ocrx_word' id='word_1_223' title='bbox 422 2614 436 2662; x_wconf 85' lang='lat'>5</span> <span class='ocrx_word' id='word_1_224' title='bbox 455 2609 575 2663; x_wconf 90' lang='lat' dir='ltr'><strong>secundo</strong></span> <span class='ocrx_word' id='word_1_225' title='bbox 594 2624 665 2663; x_wconf 75' lang='lat' dir='ltr'><strong>coru.</strong></span> <span class='ocrx_word' id='word_1_226' title='bbox 684 2624 722 2663; x_wconf 81' lang='lat' dir='ltr'><strong>ex</strong></span> <span class='ocrx_word' id='word_1_227' title='bbox 740 2610 861 2663; x_wconf 90' lang='lat' dir='ltr'><strong>secunde</strong></span> <span class='ocrx_word' id='word_1_228' title='bbox 878 2617 908 2662; x_wconf 82' lang='lat' dir='ltr'><strong>ut</strong></span> <span class='ocrx_word' id='word_1_229' title='bbox 926 2608 978 2663; x_wconf 83' lang='lat' dir='ltr'><strong>oid.</strong></span> <span class='ocrx_word' id='word_1_230' title='bbox 991 2610 1014 2663; x_wconf 90' lang='lat' dir='ltr'><strong>F</strong></span> <span class='ocrx_word' id='word_1_231' title='bbox 1028 2609 1143 2676; x_wconf 82' lang='lat' dir='ltr'><strong>(Groth),</strong></span> <span class='ocrx_word' id='word_1_232' title='bbox 1162 2607 1317 2663; x_wconf 90' lang='lat' dir='ltr'><strong>secundoF</strong></span> 
     </span>
     <span class='ocr_line' id='line_1_24' title="bbox 171 2692 1320 2762; baseline -0.004 -12"><span class='ocrx_word' id='word_1_233' title='bbox 171 2693 261 2761; x_wconf 70' lang='grc' dir='ltr'><strong>(ΚΘΗ).</strong></span> <span class='ocrx_word' id='word_1_234' title='bbox 288 2725 322 2733; x_wconf 97' lang='grc'>-</span> <span class='ocrx_word' id='word_1_235' title='bbox 347 2697 461 2758; x_wconf 89' lang='lat' dir='ltr'><strong>mentes]</strong></span> <span class='ocrx_word' id='word_1_236' title='bbox 488 2693 628 2761; x_wconf 87' lang='lat' dir='ltr'><strong>Laetus,</strong></span> <span class='ocrx_word' id='word_1_237' title='bbox 655 2692 753 2748; x_wconf 85' lang='lat' dir='ltr'><strong>mentis</strong></span> <span class='ocrx_word' id='word_1_238' title='bbox 770 2694 803 2747; x_wconf 88' lang='lat' dir='ltr'><strong>F.</strong></span> <span class='ocrx_word' id='word_1_239' title='bbox 831 2724 863 2732; x_wconf 91' lang='lat'><em>-</em></span> <span class='ocrx_word' id='word_1_240' title='bbox 890 2693 912 2758; x_wconf 91' lang='grc' dir='ltr'><strong>Ι]</strong></span> <span class='ocrx_word' id='word_1_241' title='bbox 931 2710 982 2746; x_wconf 90' lang='lat' dir='ltr'><strong>om.</strong></span> <span class='ocrx_word' id='word_1_242' title='bbox 999 2694 1038 2762; x_wconf 89' lang='lat' dir='ltr'><strong>M,</strong></span> <span class='ocrx_word' id='word_1_243' title='bbox 1065 2694 1094 2747; x_wconf 94' lang='lat' dir='ltr'><strong>id</strong></span> <span class='ocrx_word' id='word_1_244' title='bbox 1120 2696 1162 2748; x_wconf 91' lang='lat' dir='ltr'><strong>est</strong></span> <span class='ocrx_word' id='word_1_245' title='bbox 1181 2693 1320 2748; x_wconf 89' lang='lat' dir='ltr'><strong>Laetus.</strong></span> 
     </span>
     <span class='ocr_line' id='line_1_25' title="bbox 171 2772 1320 2850; baseline 0 -18"><span class='ocrx_word' id='word_1_246' title='bbox 171 2809 204 2820; x_wconf 91' lang='lat'><em>-</em></span> <span class='ocrx_word' id='word_1_247' title='bbox 224 2784 239 2832; x_wconf 85' lang='grc'><strong>6</strong></span> <span class='ocrx_word' id='word_1_248' title='bbox 257 2780 302 2843; x_wconf 90' lang='lat' dir='ltr'><strong>sit]</strong></span> <span class='ocrx_word' id='word_1_249' title='bbox 321 2779 358 2834; x_wconf 92' lang='lat' dir='ltr'><strong>sit</strong></span> <span class='ocrx_word' id='word_1_250' title='bbox 375 2779 389 2832; x_wconf 96' lang='lat' dir='ltr'>I</span> <span class='ocrx_word' id='word_1_251' title='bbox 406 2778 494 2847; x_wconf 82' lang='lat' dir='ltr'><strong>vulg.</strong></span> <span class='ocrx_word' id='word_1_252' title='bbox 513 2795 551 2843; x_wconf 67' lang='lat' dir='ltr'><strong>em</strong></span> <span class='ocrx_word' id='word_1_253' title='bbox 568 2778 600 2832; x_wconf 92' lang='lat' dir='ltr'><strong>B.</strong></span> <span class='ocrx_word' id='word_1_254' title='bbox 616 2772 697 2848; x_wconf 73' lang='lat' dir='ltr'><strong>‘fort</strong></span> <span class='ocrx_word' id='word_1_255' title='bbox 716 2778 752 2832; x_wconf 94' lang='lat' dir='ltr'><strong>sit</strong></span> <span class='ocrx_word' id='word_1_256' title='bbox 769 2779 791 2832; x_wconf 94' lang='grc' dir='ltr'><strong>Ι.</strong></span> <span class='ocrx_word' id='word_1_257' title='bbox 809 2776 891 2834; x_wconf 91' lang='lat' dir='ltr'><strong>Item’</strong></span> <span class='ocrx_word' id='word_1_258' title='bbox 911 2778 981 2850; x_wconf 83' lang='lat' dir='ltr'><strong>LSp.</strong></span> <span class='ocrx_word' id='word_1_259' title='bbox 1009 2809 1043 2817; x_wconf 93' lang='lat'>-</span> <span class='ocrx_word' id='word_1_260' title='bbox 1071 2778 1221 2842; x_wconf 81' lang='lat' dir='ltr'><strong>lsoiurus]</strong></span> <span class='ocrx_word' id='word_1_261' title='bbox 1240 2793 1320 2832; x_wconf 89' lang='lat' dir='ltr'><strong>surus</strong></span> 
     </span>
    </p>
   </div>
   <div class='ocr_carea' id='block_1_7' title="bbox 144 2856 1327 4324">
    <p class='ocr_par' dir='ltr' id='par_1_15' title="bbox 144 2856 1327 4324">
     <span class='ocr_line' id='line_1_26' title="bbox 170 2856 1321 2951; baseline -0.002 -15"><span class='ocrx_word' id='word_1_262' title='bbox 170 2881 203 2949; x_wconf 90' lang='lat' dir='ltr'><strong>F,</strong></span> <span class='ocrx_word' id='word_1_263' title='bbox 220 2896 294 2935; x_wconf 83' lang='lat' dir='ltr'><strong>corr.</strong></span> <span class='ocrx_word' id='word_1_264' title='bbox 312 2879 537 2948; x_wconf 79' lang='lat' dir='ltr'><strong>Augustinus.</strong></span> <span class='ocrx_word' id='word_1_265' title='bbox 565 2911 598 2920; x_wconf 97' lang='lat'><em>-</em></span> <span class='ocrx_word' id='word_1_266' title='bbox 624 2856 693 2951; x_wconf 61' lang='lat' dir='ltr'><strong>quiri}</strong></span> <span class='ocrx_word' id='word_1_267' title='bbox 710 2882 743 2949; x_wconf 91' lang='lat' dir='ltr'><strong>F,</strong></span> <span class='ocrx_word' id='word_1_268' title='bbox 762 2896 830 2950; x_wconf 92' lang='lat' dir='ltr'><strong>quor</strong></span> <span class='ocrx_word' id='word_1_269' title='bbox 847 2879 935 2949; x_wconf 87' lang='lat' dir='ltr'><strong>Vap,</strong></span> <span class='ocrx_word' id='word_1_270' title='bbox 953 2897 1023 2949; x_wconf 92' lang='lat' dir='ltr'><strong>quur</strong></span> <span class='ocrx_word' id='word_1_271' title='bbox 1041 2880 1074 2947; x_wconf 86' lang='lat' dir='ltr'><strong>G,</strong></span> <span class='ocrx_word' id='word_1_272' title='bbox 1093 2895 1142 2934; x_wconf 91' lang='lat' dir='ltr'><strong>cur</strong></span> <span class='ocrx_word' id='word_1_273' title='bbox 1158 2878 1193 2947; x_wconf 89' lang='lat' dir='ltr'><strong>H,</strong></span> <span class='ocrx_word' id='word_1_274' title='bbox 1212 2895 1264 2934; x_wconf 89' lang='lat' dir='ltr'><strong>om.</strong></span> <span class='ocrx_word' id='word_1_275' title='bbox 1282 2879 1321 2947; x_wconf 92' lang='lat' dir='ltr'><strong>M,</strong></span> 
     </span>
     <span class='ocr_line' id='line_1_27' title="bbox 144 2963 1322 3036; baseline -0.001 -16"><span class='ocrx_word' id='word_1_276' title='bbox 144 3003 146 3006; x_wconf 26' lang='grc' dir='ltr'><strong><em>ι</em></strong></span> <span class='ocrx_word' id='word_1_277' title='bbox 170 2966 306 3031; x_wconf 87' lang='lat' dir='ltr'><strong>Laetus.</strong></span> <span class='ocrx_word' id='word_1_278' title='bbox 325 2995 360 3004; x_wconf 94' lang='lat'>-</span> <span class='ocrx_word' id='word_1_279' title='bbox 378 2969 393 3020; x_wconf 83' lang='lat'>8</span> <span class='ocrx_word' id='word_1_280' title='bbox 410 2964 615 3035; x_wconf 87' lang='lat' dir='ltr'><strong>proportionem</strong></span> <span class='ocrx_word' id='word_1_281' title='bbox 633 2966 666 3036; x_wconf 91' lang='lat' dir='ltr'><strong>F,</strong></span> <span class='ocrx_word' id='word_1_282' title='bbox 684 2983 755 3022; x_wconf 88' lang='lat' dir='ltr'><strong>corr.</strong></span> <span class='ocrx_word' id='word_1_283' title='bbox 773 2965 891 3020; x_wconf 85' lang='lat' dir='ltr'><strong>Aldus.</strong></span> <span class='ocrx_word' id='word_1_284' title='bbox 916 2995 949 3004; x_wconf 93' lang='lat'><strong>-—</strong></span> <span class='ocrx_word' id='word_1_285' title='bbox 976 2980 1041 3019; x_wconf 91' lang='lat' dir='ltr'><strong>suro</strong></span> <span class='ocrx_word' id='word_1_286' title='bbox 1058 2965 1091 3032; x_wconf 94' lang='lat' dir='ltr'><strong>F,</strong></span> <span class='ocrx_word' id='word_1_287' title='bbox 1109 2970 1135 3020; x_wconf 84' lang='lat' dir='ltr'><strong>et</strong></span> <span class='ocrx_word' id='word_1_288' title='bbox 1152 2963 1231 3034; x_wconf 78' lang='lat' dir='ltr'><strong>iufra</strong></span> <span class='ocrx_word' id='word_1_289' title='bbox 1249 2979 1322 3032; x_wconf 91' lang='lat' dir='ltr'><strong>sure,</strong></span> 
     </span>
     <span class='ocr_line' id='line_1_28' title="bbox 171 3048 1323 3120; baseline 0 -16"><span class='ocrx_word' id='word_1_290' title='bbox 171 3066 241 3104; x_wconf 83' lang='lat' dir='ltr'><strong>corr.</strong></span> <span class='ocrx_word' id='word_1_291' title='bbox 254 3049 483 3117; x_wconf 81' lang='lat' dir='ltr'><strong>Augustinus.</strong></span> <span class='ocrx_word' id='word_1_292' title='bbox 504 3081 537 3089; x_wconf 90' lang='lat'><em>-</em></span> <span class='ocrx_word' id='word_1_293' title='bbox 556 3051 580 3105; x_wconf 92' lang='lat' dir='ltr'><strong>si</strong></span> <span class='ocrx_word' id='word_1_294' title='bbox 592 3049 856 3120; x_wconf 80' lang='lat' dir='ltr'><strong>respondentvulg.</strong></span> <span class='ocrx_word' id='word_1_295' title='bbox 870 3065 909 3104; x_wconf 77' lang='lat' dir='ltr'><strong>ex</strong></span> <span class='ocrx_word' id='word_1_296' title='bbox 919 3050 952 3118; x_wconf 93' lang='lat' dir='ltr'><strong>B,</strong></span> <span class='ocrx_word' id='word_1_297' title='bbox 971 3048 1013 3104; x_wconf 90' lang='lat' dir='ltr'><strong>sin</strong></span> <span class='ocrx_word' id='word_1_298' title='bbox 1025 3050 1227 3118; x_wconf 88' lang='lat' dir='ltr'><strong>respondentur</strong></span> <span class='ocrx_word' id='word_1_299' title='bbox 1244 3064 1270 3104; x_wconf 91' lang='lat' dir='ltr'><strong>a.</strong></span> <span class='ocrx_word' id='word_1_300' title='bbox 1289 3078 1323 3088; x_wconf 94' lang='lat'>—</span> 
     </span>
     <span class='ocr_line' id='line_1_29' title="bbox 173 3130 1323 3205; baseline 0.001 -18"><span class='ocrx_word' id='word_1_301' title='bbox 173 3139 204 3189; x_wconf 88' lang='lat'><strong>10</strong></span> <span class='ocrx_word' id='word_1_302' title='bbox 217 3135 368 3189; x_wconf 87' lang='lat' dir='ltr'><strong>aristarcus</strong></span> <span class='ocrx_word' id='word_1_303' title='bbox 380 3134 413 3188; x_wconf 90' lang='lat' dir='ltr'><strong>F.</strong></span> <span class='ocrx_word' id='word_1_304' title='bbox 432 3165 465 3174; x_wconf 95' lang='lat'><em>-</em></span> <span class='ocrx_word' id='word_1_305' title='bbox 484 3135 647 3192; x_wconf 89' lang='lat' dir='ltr'><strong>cratetinam</strong></span> <span class='ocrx_word' id='word_1_306' title='bbox 658 3138 691 3205; x_wconf 94' lang='lat' dir='ltr'><strong>F,</strong></span> <span class='ocrx_word' id='word_1_307' title='bbox 709 3134 840 3192; x_wconf 84' lang='lat' dir='ltr'><strong>uocabulo</strong></span> <span class='ocrx_word' id='word_1_308' title='bbox 852 3135 980 3190; x_wconf 79' lang='lat' dir='ltr'><strong>distinxit</strong></span> <span class='ocrx_word' id='word_1_309' title='bbox 991 3136 1129 3190; x_wconf 88' lang='lat' dir='ltr'><strong>Laetus.</strong></span> <span class='ocrx_word' id='word_1_310' title='bbox 1148 3164 1181 3174; x_wconf 91' lang='lat'>-</span> <span class='ocrx_word' id='word_1_311' title='bbox 1202 3139 1231 3188; x_wconf 90' lang='lat' dir='ltr'><strong>ll</strong></span> <span class='ocrx_word' id='word_1_312' title='bbox 1246 3130 1323 3205; x_wconf 73' lang='lat' dir='ltr'><strong>‘fort</strong></span> 
     </span>
     <span class='ocr_line' id='line_1_30' title="bbox 172 3215 1323 3291; baseline -0.001 -17"><span class='ocrx_word' id='word_1_313' title='bbox 172 3235 234 3274; x_wconf 91' lang='lat' dir='ltr'><strong>cum</strong></span> <span class='ocrx_word' id='word_1_314' title='bbox 250 3219 297 3273; x_wconf 92' lang='lat' dir='ltr'><strong>hic</strong></span> <span class='ocrx_word' id='word_1_315' title='bbox 315 3215 480 3286; x_wconf 88' lang='lat' dir='ltr'><strong>scripsisset’</strong></span> <span class='ocrx_word' id='word_1_316' title='bbox 499 3219 571 3290; x_wconf 88' lang='lat' dir='ltr'><strong>LSp.</strong></span> <span class='ocrx_word' id='word_1_317' title='bbox 599 3252 633 3260; x_wconf 89' lang='lat'>—</span> <span class='ocrx_word' id='word_1_318' title='bbox 661 3225 692 3275; x_wconf 76' lang='lat'><strong>12</strong></span> <span class='ocrx_word' id='word_1_319' title='bbox 709 3217 787 3291; x_wconf 79' lang='lat' dir='ltr'><strong>‘fort</strong></span> <span class='ocrx_word' id='word_1_320' title='bbox 808 3217 935 3276; x_wconf 84' lang='lat' dir='ltr'><strong>vocandi’</strong></span> <span class='ocrx_word' id='word_1_321' title='bbox 954 3219 1026 3289; x_wconf 80' lang='lat' dir='ltr'><strong>LSp.</strong></span> <span class='ocrx_word' id='word_1_322' title='bbox 1053 3251 1087 3259; x_wconf 93' lang='lat'>-</span> <span class='ocrx_word' id='word_1_323' title='bbox 1114 3236 1176 3274; x_wconf 92' lang='lat' dir='ltr'><strong>cum</strong></span> <span class='ocrx_word' id='word_1_324' title='bbox 1193 3219 1273 3275; x_wconf 90' lang='lat' dir='ltr'><strong>breui</strong></span> <span class='ocrx_word' id='word_1_325' title='bbox 1289 3220 1323 3284; x_wconf 89' lang='lat' dir='ltr'><strong>F,</strong></span> 
     </span>
     <span class='ocr_line' id='line_1_31' title="bbox 173 3300 1324 3375; baseline -0.002 -17"><span class='ocrx_word' id='word_1_326' title='bbox 173 3318 246 3358; x_wconf 86' lang='lat' dir='ltr'><strong>corr.</strong></span> <span class='ocrx_word' id='word_1_327' title='bbox 259 3303 396 3357; x_wconf 88' lang='lat' dir='ltr'><strong>Laetus.</strong></span> <span class='ocrx_word' id='word_1_328' title='bbox 414 3331 450 3343; x_wconf 92' lang='lat'><em>-</em></span> <span class='ocrx_word' id='word_1_329' title='bbox 469 3306 500 3357; x_wconf 81' lang='grc'><strong>13</strong></span> <span class='ocrx_word' id='word_1_330' title='bbox 518 3303 677 3361; x_wconf 90' lang='lat' dir='ltr'><strong>Philomede</strong></span> <span class='ocrx_word' id='word_1_331' title='bbox 688 3306 721 3374; x_wconf 90' lang='lat' dir='ltr'><strong>F,</strong></span> <span class='ocrx_word' id='word_1_332' title='bbox 739 3319 810 3360; x_wconf 86' lang='lat' dir='ltr'><strong>corr.</strong></span> <span class='ocrx_word' id='word_1_333' title='bbox 824 3304 955 3361; x_wconf 83' lang='lat' dir='ltr'><strong>Muller.</strong></span> <span class='ocrx_word' id='word_1_334' title='bbox 970 3300 1083 3360; x_wconf 80' lang='lat' dir='ltr'><strong>‘rectius</strong></span> <span class='ocrx_word' id='word_1_335' title='bbox 1099 3305 1208 3375; x_wconf 75' lang='lat' dir='ltr'><strong>praecis</strong></span> <span class='ocrx_word' id='word_1_336' title='bbox 1226 3303 1324 3356; x_wconf 83' lang='lat' dir='ltr'><strong>litteris</strong></span> 
     </span>
     <span class='ocr_line' id='line_1_32' title="bbox 172 3381 1323 3463; baseline -0.001 -21"><span class='ocrx_word' id='word_1_337' title='bbox 172 3388 252 3442; x_wconf 82' lang='lat' dir='ltr'><strong>scrib.</strong></span> <span class='ocrx_word' id='word_1_338' title='bbox 277 3381 434 3458; x_wconf 78' lang='grc' dir='ltr'><strong><em>Φιλόμηδες</em></strong></span> <span class='ocrx_word' id='word_1_339' title='bbox 456 3425 462 3439; x_wconf 91' lang='grc'><strong><em>.</em></strong></span> <span class='ocrx_word' id='word_1_340' title='bbox 482 3426 488 3441; x_wconf 93' lang='grc'><strong>.</strong></span> <span class='ocrx_word' id='word_1_341' title='bbox 508 3382 673 3463; x_wconf 82' lang='grc' dir='ltr'><strong><em>Ἡρακλείδη</em></strong></span> <span class='ocrx_word' id='word_1_342' title='bbox 691 3428 698 3443; x_wconf 85' lang='grc'><strong><em>.</em></strong></span> <span class='ocrx_word' id='word_1_343' title='bbox 717 3434 724 3446; x_wconf 84' lang='lat'><strong>.</strong></span> <span class='ocrx_word' id='word_1_344' title='bbox 747 3383 922 3460; x_wconf 69' lang='lat' dir='ltr'><strong>Melrxiprc&#39;</strong></span> <span class='ocrx_word' id='word_1_345' title='bbox 946 3389 1016 3460; x_wconf 81' lang='lat' dir='ltr'><strong>Lsp.</strong></span> <span class='ocrx_word' id='word_1_346' title='bbox 1045 3420 1078 3428; x_wconf 89' lang='lat'>-</span> <span class='ocrx_word' id='word_1_347' title='bbox 1105 3404 1167 3443; x_wconf 90' lang='lat' dir='ltr'><strong>cum</strong></span> <span class='ocrx_word' id='word_1_348' title='bbox 1189 3390 1215 3443; x_wconf 82' lang='lat' dir='ltr'><strong>A</strong></span> <span class='ocrx_word' id='word_1_349' title='bbox 1237 3386 1323 3451; x_wconf 83' lang='lat' dir='ltr'><strong>brevi]</strong></span> 
     </span>
     <span class='ocr_line' id='line_1_33' title="bbox 174 3469 1324 3545; baseline -0.002 -19"><span class='ocrx_word' id='word_1_350' title='bbox 174 3487 236 3526; x_wconf 93' lang='lat' dir='ltr'><strong>cum</strong></span> <span class='ocrx_word' id='word_1_351' title='bbox 253 3469 331 3524; x_wconf 89' lang='lat' dir='ltr'><strong>breui</strong></span> <span class='ocrx_word' id='word_1_352' title='bbox 348 3469 382 3539; x_wconf 89' lang='lat' dir='ltr'><strong>F,</strong></span> <span class='ocrx_word' id='word_1_353' title='bbox 400 3487 472 3525; x_wconf 89' lang='lat' dir='ltr'><strong>corr.</strong></span> <span class='ocrx_word' id='word_1_354' title='bbox 491 3472 688 3545; x_wconf 86' lang='lat' dir='ltr'><strong>Scioppius.</strong></span> <span class='ocrx_word' id='word_1_355' title='bbox 715 3505 749 3513; x_wconf 96' lang='lat'><em>-</em></span> <span class='ocrx_word' id='word_1_356' title='bbox 775 3474 917 3529; x_wconf 88' lang='lat' dir='ltr'><strong>Melicerte</strong></span> <span class='ocrx_word' id='word_1_357' title='bbox 933 3476 967 3543; x_wconf 91' lang='lat' dir='ltr'><strong>F,</strong></span> <span class='ocrx_word' id='word_1_358' title='bbox 985 3490 1056 3530; x_wconf 84' lang='lat' dir='ltr'><strong>corr.</strong></span> <span class='ocrx_word' id='word_1_359' title='bbox 1075 3471 1271 3542; x_wconf 87' lang='lat' dir='ltr'><strong>Scioppius.</strong></span> <span class='ocrx_word' id='word_1_360' title='bbox 1290 3501 1324 3511; x_wconf 92' lang='lat'><em>-</em></span> 
     </span>
     <span class='ocr_line' id='line_1_34' title="bbox 176 3555 1324 3627; baseline 0 -16"><span class='ocrx_word' id='word_1_361' title='bbox 176 3560 208 3611; x_wconf 88' lang='grc'><strong>14</strong></span> <span class='ocrx_word' id='word_1_362' title='bbox 220 3555 385 3610; x_wconf 88' lang='lat' dir='ltr'><strong>aristarcum</strong></span> <span class='ocrx_word' id='word_1_363' title='bbox 401 3556 433 3611; x_wconf 93' lang='lat' dir='ltr'><strong>F.</strong></span> <span class='ocrx_word' id='word_1_364' title='bbox 452 3587 486 3596; x_wconf 90' lang='lat'><em>-</em></span> <span class='ocrx_word' id='word_1_365' title='bbox 504 3562 664 3626; x_wconf 89' lang='lat' dir='ltr'><strong>quereretur</strong></span> <span class='ocrx_word' id='word_1_366' title='bbox 681 3559 713 3613; x_wconf 91' lang='lat' dir='ltr'><strong>F.</strong></span> <span class='ocrx_word' id='word_1_367' title='bbox 730 3587 765 3598; x_wconf 89' lang='lat'><em>-</em></span> <span class='ocrx_word' id='word_1_368' title='bbox 784 3563 815 3613; x_wconf 85' lang='lat'><strong>15</strong></span> <span class='ocrx_word' id='word_1_369' title='bbox 828 3575 858 3614; x_wconf 88' lang='lat' dir='ltr'><strong>se</strong></span> <span class='ocrx_word' id='word_1_370' title='bbox 875 3575 931 3615; x_wconf 93' lang='lat' dir='ltr'><strong>non</strong></span> <span class='ocrx_word' id='word_1_371' title='bbox 949 3560 1063 3627; x_wconf 83' lang='lat' dir='ltr'><strong>soluere]</strong></span> <span class='ocrx_word' id='word_1_372' title='bbox 1083 3558 1207 3624; x_wconf 83' lang='lat' dir='ltr'><strong>(iroth,</strong></span> <span class='ocrx_word' id='word_1_373' title='bbox 1226 3557 1250 3610; x_wconf 89' lang='lat' dir='ltr'><strong>si</strong></span> <span class='ocrx_word' id='word_1_374' title='bbox 1267 3571 1324 3611; x_wconf 91' lang='lat' dir='ltr'><strong>nou</strong></span> 
     </span>
     <span class='ocr_line' id='line_1_35' title="bbox 174 3640 1325 3720; baseline 0.001 -24"><span class='ocrx_word' id='word_1_375' title='bbox 174 3641 292 3720; x_wconf 81' lang='lat' dir='ltr'><strong>solveret</strong></span> <span class='ocrx_word' id='word_1_376' title='bbox 309 3640 341 3708; x_wconf 90' lang='lat' dir='ltr'><strong>F,</strong></span> <span class='ocrx_word' id='word_1_377' title='bbox 369 3654 425 3695; x_wconf 92' lang='lat' dir='ltr'><strong>non</strong></span> <span class='ocrx_word' id='word_1_378' title='bbox 443 3640 564 3697; x_wconf 91' lang='lat' dir='ltr'><strong>solueret</strong></span> <span class='ocrx_word' id='word_1_379' title='bbox 580 3644 618 3712; x_wconf 94' lang='lat' dir='ltr'><strong>B,</strong></span> <span class='ocrx_word' id='word_1_380' title='bbox 646 3643 685 3697; x_wconf 89' lang='lat' dir='ltr'><strong>sic</strong></span> <span class='ocrx_word' id='word_1_381' title='bbox 705 3659 766 3698; x_wconf 91' lang='lat' dir='ltr'><strong>oum</strong></span> <span class='ocrx_word' id='word_1_382' title='bbox 784 3644 895 3699; x_wconf 88' lang='lat' dir='ltr'><strong>solverit</strong></span> <span class='ocrx_word' id='word_1_383' title='bbox 913 3645 1038 3711; x_wconf 88' lang='lat' dir='ltr'><strong>Aldus,</strong></span> <span class='ocrx_word' id='word_1_384' title='bbox 1065 3659 1127 3698; x_wconf 93' lang='lat' dir='ltr'><strong>cum</strong></span> <span class='ocrx_word' id='word_1_385' title='bbox 1149 3642 1189 3696; x_wconf 89' lang='lat' dir='ltr'><strong>sic</strong></span> <span class='ocrx_word' id='word_1_386' title='bbox 1213 3641 1325 3697; x_wconf 84' lang='lat' dir='ltr'><strong>soluerit</strong></span> 
     </span>
     <span class='ocr_line' id='line_1_36' title="bbox 172 3718 1325 3798; baseline 0 -17"><span class='ocrx_word' id='word_1_387' title='bbox 172 3724 263 3793; x_wconf 82' lang='lat' dir='ltr'><strong>vulg.</strong></span> <span class='ocrx_word' id='word_1_388' title='bbox 283 3718 364 3794; x_wconf 76' lang='lat' dir='ltr'><strong>‘sort</strong></span> <span class='ocrx_word' id='word_1_389' title='bbox 382 3725 433 3781; x_wconf 77' lang='lat' dir='ltr'><strong>dcl.</strong></span> <span class='ocrx_word' id='word_1_390' title='bbox 453 3734 503 3782; x_wconf 83' lang='lat' dir='ltr'><strong>aut</strong></span> <span class='ocrx_word' id='word_1_391' title='bbox 525 3728 632 3798; x_wconf 83' lang='lat' dir='ltr'><strong>aliquid</strong></span> <span class='ocrx_word' id='word_1_392' title='bbox 654 3728 791 3783; x_wconf 75' lang='lat' dir='ltr'><strong>intercidit</strong></span> <span class='ocrx_word' id='word_1_393' title='bbox 814 3729 886 3782; x_wconf 83' lang='lat' dir='ltr'><strong>velut</strong></span> <span class='ocrx_word' id='word_1_394' title='bbox 909 3732 1099 3798; x_wconf 88' lang='lat' dir='ltr'><strong>quaereretur,</strong></span> <span class='ocrx_word' id='word_1_395' title='bbox 1124 3727 1180 3795; x_wconf 92' lang='lat' dir='ltr'><strong>[qui</strong></span> <span class='ocrx_word' id='word_1_396' title='bbox 1196 3725 1325 3781; x_wconf 91' lang='lat' dir='ltr'><strong>redderet</strong></span> 
     </span>
     <span class='ocr_line' id='line_1_37' title="bbox 175 3805 1324 3883; baseline 0 -19"><span class='ocrx_word' id='word_1_397' title='bbox 175 3811 248 3879; x_wconf 92' lang='lat' dir='ltr'><strong>quod</strong></span> <span class='ocrx_word' id='word_1_398' title='bbox 265 3815 463 3882; x_wconf 89' lang='lat' dir='ltr'><strong>quaereretur,]</strong></span> <span class='ocrx_word' id='word_1_399' title='bbox 481 3829 537 3868; x_wconf 91' lang='lat' dir='ltr'><strong>non</strong></span> <span class='ocrx_word' id='word_1_400' title='bbox 555 3805 683 3870; x_wconf 87' lang='lat' dir='ltr'><strong>solveret’</strong></span> <span class='ocrx_word' id='word_1_401' title='bbox 696 3813 765 3881; x_wconf 86' lang='lat' dir='ltr'><strong>LSp.</strong></span> <span class='ocrx_word' id='word_1_402' title='bbox 784 3827 835 3882; x_wconf 75' lang='lat' dir='ltr'><strong>epo</strong></span> <span class='ocrx_word' id='word_1_403' title='bbox 854 3815 1036 3869; x_wconf 74' lang='lat' dir='ltr'><strong>coeterorum:</strong></span> <span class='ocrx_word' id='word_1_404' title='bbox 1055 3813 1128 3883; x_wconf 90' lang='lat' dir='ltr'><strong>qnod</strong></span> <span class='ocrx_word' id='word_1_405' title='bbox 1145 3812 1324 3881; x_wconf 88' lang='lat' dir='ltr'><strong>quaereretur</strong></span> 
     </span>
     <span class='ocr_line' id='line_1_38' title="bbox 174 3895 1323 3968; baseline 0.001 -18"><span class='ocrx_word' id='word_1_406' title='bbox 174 3895 215 3950; x_wconf 90' lang='lat' dir='ltr'><strong>sic</strong></span> <span class='ocrx_word' id='word_1_407' title='bbox 237 3910 294 3950; x_wconf 92' lang='lat' dir='ltr'><strong>non</strong></span> <span class='ocrx_word' id='word_1_408' title='bbox 318 3895 410 3951; x_wconf 87' lang='lat' dir='ltr'><strong>solvei.</strong></span> <span class='ocrx_word' id='word_1_409' title='bbox 438 3927 472 3935; x_wconf 88' lang='lat'>—</span> <span class='ocrx_word' id='word_1_410' title='bbox 498 3896 627 3968; x_wconf 91' lang='lat' dir='ltr'><strong>quicquid</strong></span> <span class='ocrx_word' id='word_1_411' title='bbox 649 3898 716 3966; x_wconf 89' lang='lat' dir='ltr'><strong>Vp,</strong></span> <span class='ocrx_word' id='word_1_412' title='bbox 743 3896 861 3967; x_wconf 91' lang='lat' dir='ltr'><strong>quinque</strong></span> <span class='ocrx_word' id='word_1_413' title='bbox 885 3912 916 3966; x_wconf 91' lang='lat' dir='ltr'><strong>a,</strong></span> <span class='ocrx_word' id='word_1_414' title='bbox 944 3899 1056 3967; x_wconf 90' lang='lat' dir='ltr'><strong>quisque</strong></span> <span class='ocrx_word' id='word_1_415' title='bbox 1080 3897 1120 3950; x_wconf 93' lang='lat' dir='ltr'><strong>M.</strong></span> <span class='ocrx_word' id='word_1_416' title='bbox 1148 3927 1180 3935; x_wconf 77' lang='grc'>-</span> <span class='ocrx_word' id='word_1_417' title='bbox 1210 3899 1241 3949; x_wconf 88' lang='grc'><strong>16</strong></span> <span class='ocrx_word' id='word_1_418' title='bbox 1258 3898 1323 3964; x_wconf 89' lang='lat' dir='ltr'><strong>non]</strong></span> 
     </span>
     <span class='ocr_line' id='line_1_39' title="bbox 175 3980 1325 4052; baseline -0.003 -15"><span class='ocrx_word' id='word_1_419' title='bbox 175 3980 294 4050; x_wconf 83' lang='lat' dir='ltr'>GVpB</span> <span class='ocrx_word' id='word_1_420' title='bbox 313 3981 412 4051; x_wconf 71' lang='lat' dir='ltr'><strong>vulg,</strong></span> <span class='ocrx_word' id='word_1_421' title='bbox 436 3981 496 4038; x_wconf 91' lang='lat' dir='ltr'><strong>noti</strong></span> <span class='ocrx_word' id='word_1_422' title='bbox 513 3980 588 4049; x_wconf 88' lang='lat' dir='ltr'><strong>FH,</strong></span> <span class='ocrx_word' id='word_1_423' title='bbox 613 3982 673 4037; x_wconf 92' lang='lat' dir='ltr'><strong>noti</strong></span> <span class='ocrx_word' id='word_1_424' title='bbox 689 3981 757 4036; x_wconf 86' lang='lat' dir='ltr'><strong>moti</strong></span> <span class='ocrx_word' id='word_1_425' title='bbox 774 3997 807 4050; x_wconf 89' lang='lat' dir='ltr'><strong>s,</strong></span> <span class='ocrx_word' id='word_1_426' title='bbox 833 3981 896 4037; x_wconf 93' lang='lat' dir='ltr'><strong>uoci</strong></span> <span class='ocrx_word' id='word_1_427' title='bbox 913 3982 952 4036; x_wconf 91' lang='lat' dir='ltr'><strong>M.</strong></span> <span class='ocrx_word' id='word_1_428' title='bbox 979 3983 1018 4052; x_wconf 82' lang='lat' dir='ltr'><strong>cs.</strong></span> <span class='ocrx_word' id='word_1_429' title='bbox 1037 3980 1158 4036; x_wconf 90' lang='lat' dir='ltr'><strong>Reiter</strong></span> <span class='ocrx_word' id='word_1_430' title='bbox 1175 3997 1203 4050; x_wconf 94' lang='lat' dir='ltr'><strong>p.</strong></span> <span class='ocrx_word' id='word_1_431' title='bbox 1222 3985 1263 4034; x_wconf 74' lang='lat'><strong>75.</strong></span> <span class='ocrx_word' id='word_1_432' title='bbox 1291 4011 1325 4022; x_wconf 90' lang='lat'>-</span> 
     </span>
     <span class='ocr_line' id='line_1_40' title="bbox 177 4059 1323 4152; baseline 0 -16"><span class='ocrx_word' id='word_1_433' title='bbox 177 4088 208 4136; x_wconf 79' lang='grc'><strong>17</strong></span> <span class='ocrx_word' id='word_1_434' title='bbox 227 4059 308 4150; x_wconf 72' lang='lat' dir='ltr'><strong>qiih</strong></span> <span class='ocrx_word' id='word_1_435' title='bbox 320 4083 354 4149; x_wconf 91' lang='lat' dir='ltr'><strong>F,</strong></span> <span class='ocrx_word' id='word_1_436' title='bbox 373 4099 434 4137; x_wconf 90' lang='lat' dir='ltr'><strong>cum</strong></span> <span class='ocrx_word' id='word_1_437' title='bbox 452 4082 570 4138; x_wconf 91' lang='lat' dir='ltr'><strong>ceteri.</strong></span> <span class='ocrx_word' id='word_1_438' title='bbox 589 4113 621 4122; x_wconf 91' lang='lat'>—</span> <span class='ocrx_word' id='word_1_439' title='bbox 639 4087 770 4152; x_wconf 87' lang='lat' dir='ltr'><strong>queratur</strong></span> <span class='ocrx_word' id='word_1_440' title='bbox 787 4084 820 4138; x_wconf 93' lang='lat' dir='ltr'><strong>F.</strong></span> <span class='ocrx_word' id='word_1_441' title='bbox 838 4114 873 4123; x_wconf 90' lang='lat'>—</span> <span class='ocrx_word' id='word_1_442' title='bbox 892 4087 924 4138; x_wconf 87' lang='grc'><strong>18</strong></span> <span class='ocrx_word' id='word_1_443' title='bbox 942 4083 1038 4138; x_wconf 85' lang='lat' dir='ltr'><strong>adsum</strong></span> <span class='ocrx_word' id='word_1_444' title='bbox 1048 4083 1081 4150; x_wconf 97' lang='lat' dir='ltr'><strong>F,</strong></span> <span class='ocrx_word' id='word_1_445' title='bbox 1099 4097 1172 4136; x_wconf 83' lang='lat' dir='ltr'><strong>corr.</strong></span> <span class='ocrx_word' id='word_1_446' title='bbox 1184 4080 1323 4138; x_wconf 89' lang='lat' dir='ltr'><strong>Laetus.</strong></span> 
     </span>
     <span class='ocr_line' id='line_1_41' title="bbox 174 4165 1324 4238; baseline 0.001 -17"><span class='ocrx_word' id='word_1_447' title='bbox 174 4197 209 4206; x_wconf 92' lang='lat'>—</span> <span class='ocrx_word' id='word_1_448' title='bbox 230 4165 327 4222; x_wconf 89' lang='lat' dir='ltr'><strong>adsum</strong></span> <span class='ocrx_word' id='word_1_449' title='bbox 447 4183 496 4222; x_wconf 90' lang='lat' dir='ltr'><strong>eur</strong></span> <span class='ocrx_word' id='word_1_450' title='bbox 512 4184 530 4237; x_wconf 89' lang='lat' dir='ltr'>p</span> <span class='ocrx_word' id='word_1_451' title='bbox 549 4173 581 4221; x_wconf 82' lang='lat' dir='ltr'><strong>ut</strong></span> <span class='ocrx_word' id='word_1_452' title='bbox 597 4169 718 4238; x_wconf 80' lang='lat' dir='ltr'><strong>spatium</strong></span> <span class='ocrx_word' id='word_1_453' title='bbox 735 4167 772 4222; x_wconf 83' lang='lat' dir='ltr'><strong>sit</strong></span> <span class='ocrx_word' id='word_1_454' title='bbox 789 4167 824 4222; x_wconf 80' lang='lat' dir='ltr'><strong>ab</strong></span> <span class='ocrx_word' id='word_1_455' title='bbox 842 4168 920 4223; x_wconf 79' lang='lat' dir='ltr'><strong>initio</strong></span> <span class='ocrx_word' id='word_1_456' title='bbox 944 4183 1043 4222; x_wconf 80' lang='lat' dir='ltr'><strong>versus.</strong></span> <span class='ocrx_word' id='word_1_457' title='bbox 1071 4197 1104 4206; x_wconf 97' lang='lat'>—</span> <span class='ocrx_word' id='word_1_458' title='bbox 1131 4166 1230 4222; x_wconf 84' lang='lat' dir='ltr'><strong>similia</strong></span> <span class='ocrx_word' id='word_1_459' title='bbox 1252 4171 1324 4231; x_wconf 90' lang='lat' dir='ltr'><strong>sunt]</strong></span> 
     </span>
     <span class='ocr_line' id='line_1_42' title="bbox 170 4245 1327 4324; baseline -0.004 -14"><span class='ocrx_word' id='word_1_460' title='bbox 170 4245 251 4322; x_wconf 78' lang='lat' dir='ltr'><strong>‘fora</strong></span> <span class='ocrx_word' id='word_1_461' title='bbox 269 4251 369 4306; x_wconf 89' lang='lat' dir='ltr'><strong>similia</strong></span> <span class='ocrx_word' id='word_1_462' title='bbox 387 4255 436 4306; x_wconf 87' lang='lat' dir='ltr'><strong>sut</strong></span> <span class='ocrx_word' id='word_1_463' title='bbox 453 4251 597 4307; x_wconf 83' lang='lat' dir='ltr'><strong>dissimilia</strong></span> <span class='ocrx_word' id='word_1_464' title='bbox 614 4247 683 4309; x_wconf 90' lang='lat' dir='ltr'><strong>sint’</strong></span> <span class='ocrx_word' id='word_1_465' title='bbox 698 4253 771 4324; x_wconf 82' lang='lat' dir='ltr'><strong>LSp.</strong></span> <span class='ocrx_word' id='word_1_466' title='bbox 783 4253 838 4309; x_wconf 90' lang='lat' dir='ltr'><strong>sint</strong></span> <span class='ocrx_word' id='word_1_467' title='bbox 849 4252 929 4306; x_wconf 82' lang='lat' dir='ltr'><strong>etiam</strong></span> <span class='ocrx_word' id='word_1_468' title='bbox 941 4251 970 4306; x_wconf 88' lang='lat' dir='ltr'><strong>C.</strong></span> <span class='ocrx_word' id='word_1_469' title='bbox 980 4252 1011 4307; x_wconf 89' lang='lat' dir='ltr'><strong>F.</strong></span> <span class='ocrx_word' id='word_1_470' title='bbox 1023 4251 1066 4308; x_wconf 86' lang='lat' dir='ltr'><strong>W.</strong></span> <span class='ocrx_word' id='word_1_471' title='bbox 1080 4251 1207 4307; x_wconf 84' lang='lat' dir='ltr'><strong>Mdller</strong></span> <span class='ocrx_word' id='word_1_472' title='bbox 1224 4270 1252 4323; x_wconf 94' lang='lat' dir='ltr'><strong>p.</strong></span> <span class='ocrx_word' id='word_1_473' title='bbox 1266 4257 1327 4308; x_wconf 83' lang='grc'>8111.</span> 
     </span>
    </p>
   </div>
   <div class='ocr_carea' id='block_1_8' title="bbox 0 0 1544 5048">
    <p class='ocr_par' dir='ltr' id='par_1_16' title="bbox 0 0 1544 5048">
     <span class='ocr_line' id='line_1_43' title="bbox 0 0 1544 5048; baseline 0 0"><span class='ocrx_word' id='word_1_474' title='bbox 0 0 1544 5048; x_wconf 95' lang='lat' dir='ltr'><strong> </strong></span> 
     </span>
    </p>
   </div>
  </div>
 </body>
</html>
