3038 5048
228 307 268 366 42
550 306 664 362 LIBER
681 305 849 376 QUINTUS.
885 307 1065 376 §101-104.

227 478 343 562 Siculi,
372 485 408 546 ιιι
434 479 567 546 annales
596 485 721 546 veteres
750 479 849 547 nostri
877 477 1002 562 dicunt,
1030 477 1166 545 fortasse
1194 477 1267 543 hine
1293 476 1373 544 illue

226 583 366 649 tulerunt
388 584 421 647 et
441 580 495 648 hic
516 581 712 664 reliquerunt
732 580 768 647 id
789 600 914 649 nomen.
951 580 1079 664 Volpes,
1101 586 1137 646 ιιι
1151 579 1263 646 Aelius
1284 578 1372 647 dice

228 683 292 767 bat,
315 682 400 765 quod
421 684 511 750 volat
531 682 676 768 pedibus.

95 783 198 867 §102
308 789 359 851 21.
392 786 544 852 Proxima
565 783 718 850 animalia
746 789 819 850 sunt
847 802 888 850 ca
913 802 995 866 quae
1017 783 1126 850 vivere
1148 782 1296 851 dicuntur
1314 802 1370 849 ne

74 866 289 971 (⁹¹¹⁰⁴⁸⁹·¹'que
310 887 430 953 habere
453 887 608 970 animam,
636 891 672 952 ut
693 887 841 970 virgulta.
887 887 1065 970 virgultum
1087 884 1202 951 dicitur
1222 905 1243 951 a
1264 883 1371 967 viridi,
1393 897 1411 948 5

225 990 260 1056 id
289 1010 310 1054 a
337 990 371 1056 vi
399 987 538 1070 quadam
565 986 723 1073 humoris3
757 1007 840 1070 quae
872 988 900 1054 si
933 988 1073 1072 exaruit,
1106 987 1246 1053 moritur.
1290 986 1372 1052 Vitis

227 1091 313 1176 quod
335 1111 375 1155 ea
396 1087 463 1154 vini
484 1087 582 1170 origo.
620 1088 740 1155 Malum
763 1089 850 1171 quod
864 1088 978 1157 Graeci
993 1090 1104 1156 Aeolis
1127 1088 1236 1155 dicunt
1253 1088 1371 1171 μᾶλον.

226 1194 302 1259 Nux
323 1191 459 1276 iuglans,
485 1188 571 1273 quod
593 1210 663 1255 eum
685 1189 766 1258 haee
787 1211 852 1257 nux
874 1197 1045 1275 antequam
1066 1197 1229 1276 purgatur,
1257 1190 1372 1256 similis

226 1293 369 1378 glandis,
397 1293 477 1359 haee
498 1293 592 1374 glans
614 1291 735 1375 optima
764 1298 795 1359 et
822 1292 963 1359 maxima
983 1313 1004 1360 a
1025 1294 1103 1361 Iove
1131 1298 1163 1358 et
1184 1291 1303 1373 glande
1323 1291 1372 1358 iu·

226 1396 319 1478 glans
342 1401 391 1461 est
412 1393 585 1478 appellata
629 1392 752 1458 Eadem
774 1394 865 1477 Nux,
895 1393 980 1475 quod
1001 1400 1036 1459 ut
1057 1414 1122 1460 nox
1143 1413 1250 1460 aerem
1277 1392 1372 1460 huius
1394 1403 1428 1455 to

102 1501 122 1578 ἓ
147 1502 205 1568 103
230 1516 324 1563 sucus
346 1516 459 1580 eorpus
481 1497 558 1564 facit
573 1503 686 1562 atrum.
744 1494 833 1574 Quae
854 1496 888 1561 in
910 1496 986 1561 ortis
1001 1501 1181 1579 nascuntur,
1203 1495 1268 1561 alia
1282 1513 1372 1579 pere·

74 1582 326 1681 (procacem
348 1599 514 1665 vocabulis
535 1604 571 1664 ut
591 1598 716 1680 graecis
738 1595 893 1682 Ocimum,
915 1599 1032 1682 Mente,
1054 1599 1148 1680 Ruta,
1172 1616 1269 1681 quam
1289 1615 1373 1662 1111111

228 1698 375 1787 πήγανον
390 1700 571 1785 appellant,
593 1700 670 1765 item
690 1698 809 1784 Caulis,
830 1699 1032 1785 Lapathium,
1054 1701 1197 1785 Rapum,
1218 1697 1265 1764 sic
1287 1697 1373 1764 enim

227 1802 349 1885 antiqui
372 1801 495 1883 Graeci,
518 1818 613 1881 quam
635 1820 719 1867 nunc
743 1798 893 1888 ῥάφανον
900 1830 911 1883 ,·
931 1802 1008 1867 item
1031 1802 1112 1869 haee
1132 1798 1257 1885 graecis
1277 1819 1372 1866 voca·

229 1903 312 1969 bulis
342 1902 539 1988 Serpyllum,
573 1903 675 1986 Rosa,
705 1923 769 1969 una
790 1903 897 1969 littera
918 1909 1127 1987 commutata,
1159 1902 1237 1967 item
1259 1920 1301 1967 ex
1321 1900 1373 1966 his
1393 1912 1426 1964 15

74 2004 351 2085 (arnanograecis
372 2003 704 2088 lausannensem,
733 2003 879 2091 μαλάχη,
909 2005 1044 2088 κύμινον
1051 2034 1062 2087 ,·
1092 2005 1169 2072 item
1190 2003 1308 2069 Lilium
1329 2002 1373 2068 ab

228 2107 341 2191 λειριῳ
375 2114 408 2174 et
437 2106 546 2174 Malva
577 2107 620 2173 ab
653 2104 783 2192 μαλάχῃ
817 2112 849 2173 et
880 2107 1093 2193 sisymbrium
1125 2128 1146 2173 a
1173 2107 1371 2189 σισυμβρίῳ.

99 2216 120 2295 ξ
145 2218 205 2279 104
227 2208 419 2274 Vemaeula:
441 2209 580 2275 Lactuca
601 2208 728 2292 alacte,
752 2207 839 2291 quod
860 2210 930 2275 olus
951 2209 986 2275 id
1007 2208 1106 2274 habet
1120 2208 1200 2292 laet3
1223 2206 1373 2272 Brassica

72 2331 105 2382 (p.
116 2329 217 2384 conseo
227 2316 260 2376 ut
271 2311 424 2396 praesica,
440 2307 527 2394 quod
542 2331 583 2377 ex
599 2310 665 2377 eius
680 2331 777 2394 scapo
793 2309 971 2377 minutatim
983 2310 1192 2394 praecinatur,
1211 2307 1372 2393 Asparagi

308 2529 332 2583 F
350 2528 398 2583 fol.
417 2532 432 2582 8
451 2528 506 2583 alia
522 2528 673 2598 peregrinis
692 2569 699 2583 .
719 2569 726 2584 .
746 2528 899 2584 ,fundunt

309 2730 379 2796 aid]
403 2730 433 2783 id
450 2747 522 2785 corr.
541 2747 579 2786 ex
595 2733 648 2785 hoe
667 2731 698 2784 F.
727 2763 759 2770 —
784 2732 887 2801 volpes]
908 2732 1003 2801 vulpes
1028 2731 1106 2799 quasi
1128 2730 1248 2799 volipes,
1271 2727 1369 2783 melius

223 2818 290 2885 puto
314 2815 392 2884 lepus
416 2815 495 2883 quasi
515 2814 631 2884 levipes,
655 2815 776 2883 quamdo
795 2815 942 2871 declinatio
966 2817 1077 2871 obstare
1094 2815 1228 2882 videatur,
1252 2817 1284 2868 ιιι
1301 2828 1370 2868 eon-

223 2898 376 2955 venientius
392 2901 445 2954 hoe
462 2899 503 2953 illi
521 2915 600 2968 quam
617 2899 702 2969 vulpi,
720 2900 793 2968 quod
810 2901 933 2968 sequitur
950 2900 980 2954 a'n
997 2916 1084 2970 marq.
1101 2915 1129 2968 p.
1155 2928 1188 2938 -
1211 2903 1228 2952 4
1244 2896 1368 2967 proxime

226 2983 407 3038 Turnebus
429 2999 467 3038 ex
488 2983 581 3037 codice
603 2999 653 3036 sno
677 2985 706 3037 in
729 3000 784 3054 qno
802 2985 926 3054 proxima
942 3001 1000 3053 me,
1024 2985 1053 3038 in
1070 3002 1088 3053 p
1106 2999 1160 3037 non
1178 2990 1298 3055 apparet
1314 2998 1367 3037 me.

224 3082 357 3137 proxuma
374 3066 408 3120 H.
419 3096 453 3106 -
472 3072 486 3120 'l
504 3067 578 3134 greci
595 3066 663 3122 eolis
680 3067 758 3120 F.—
775 3069 866 3124 malon
883 3069 961 3123 Fe
980 3067 1192 3137 Snnxiuglans]
1210 3067 1319 3139 sampsi,
1336 3072 1368 3120 nt

224 3158 267 3207 est
282 3152 359 3222 opud
374 3150 495 3205 Plinium
513 3157 540 3205 ct
558 3150 685 3214 Cetrium,
711 3151 793 3220 pinus
809 3153 915 3223 iuglans
933 3153 1033 3222 libri,
1061 3153 1188 3209 lacunam
1200 3158 1269 3224 post
1284 3152 1367 3220 pinus

224 3237 363 3306 Muller,
390 3235 450 3305 LSp
475 3236 546 3290 olim.
579 3231 712 3291 ‘desidero
728 3236 790 3308 piri
812 3234 958 3307 oripincm'
978 3238 1050 3307 LSp.
1085 3237 1162 3306 pirus
1181 3278 1188 3292 .
1207 3279 1214 3292 .
1234 3277 1241 3291 .
1258 3237 1367 3305 inglans

226 3323 344 3377 (iroth.
367 3350 401 3358 -
423 3325 438 3374 9
457 3323 568 3389 optuma
585 3324 614 3375 et
629 3336 755 3376 maxuma
773 3322 807 3375 H.
832 3352 862 3361 -
890 3326 921 3376 12
938 3323 1025 3392 grecis
1044 3322 1077 3377 F.
1099 3354 1133 3363 —
1157 3323 1264 3378 ocinum
1282 3321 1315 3376 G.
1333 3352 1368 3361 -

226 3411 258 3460 13
275 3408 437 3459 ΠΘΓΑΝΟΝ
457 3405 489 3458 F.
508 3435 542 3444 —
566 3406 699 3475 lapatinm
715 3406 749 3460 F.
773 3437 807 3446 —
832 3411 937 3475 rapum]
955 3407 1095 3476 Muller,
1121 3408 1201 3463 radix
1218 3407 1310 3461 libri.
1332 3436 1368 3446 -

227 3495 258 3545 14
275 3490 349 3558 greci
360 3490 383 3543 F
393 3495 559 3544 constanter.
572 3522 605 3529 —
623 3486 765 3562 ῥάφανον]
785 3491 955 3560 Scaliger,
972 3494 1125 3560 raphanum
1140 3492 1233 3547 libri.
1244 3523 1278 3532 -
1289 3488 1366 3560 ‘fort

223 3575 289 3629 item
306 3591 341 3630 ex
357 3572 476 3643 graecis'
494 3574 565 3644 LSp.
592 3605 627 3612 —
654 3579 685 3628 16
703 3571 779 3645 ‘fort
797 3576 902 3644 graecis
919 3578 1060 3647 κορίανον
1075 3572 1194 3646 κύμινον
1215 3576 1303 3632 latina
1320 3591 1366 3632 co·

224 3661 364 3715 riandrum
382 3659 533 3726 cuminum3
559 3658 624 3713 item
640 3659 728 3714 lilium
745 3662 862 3733 λείριον,
885 3661 973 3715 malva
992 3657 1113 3733 μαλάχη,
1136 3661 1307 3732 sisymbrium
1324 3678 1365 3717 σι-

225 3739 378 3818 σύμβριον’
396 3743 466 3812 LSp.
479 3773 513 3782 -
531 3743 690 3799 coliandron
707 3744 808 3813 libri,
832 3745 995 3799 coriandron
1013 3748 1148 3803 Laetus.
1168 3778 1198 3787 -
1224 3747 1367 3802 malachan

225 3830 351 3899 eyminon
366 3829 503 3884 libri.-
522 3833 552 3883 11
571 3831 677 3904 tarpio]
695 3829 757 3883 lirio
775 3829 915 3884 libri—
933 3831 1024 3886 malba
1041 3831 1073 3885 F.
1085 3861 1117 3870 -
1134 3832 1258 3887 malache
1275 3830 1365 3884 libri.
1449 3869 1456 3878 .

224 3942 258 3952 -
276 3914 439 3969 sisimbrium
455 3912 546 3967 libri.
565 3944 597 3952 -
615 3913 775 3984 asysimbrio
792 3913 825 3969 F.
843 3945 876 3954 —
896 3918 927 3968 18
945 3915 1064 3982 lactuca]
1082 3915 1275 3984 M,Lactus,
1292 3914 1367 3969 laete

224 3995 317 4050 Fcnm
326 4000 431 4053 ceteris.
450 4029 481 4038 -
500 3998 566 4062 lact]
583 3997 617 4064 F,
634 3998 677 4052 lac
695 3999 813 4053 ceteri.
839 4000 914 4070 conf.
926 3999 1065 4055 Ritschl
1078 3998 1214 4069 Opusc.H
1225 4015 1252 4067 p.
1265 4004 1365 4069 330sq.

225 4084 368 4135 sut-579.
394 4084 456 4152 LSp
473 4083 572 4137 Philol.
589 4082 630 4136 Xl
646 4099 673 4151 p.
688 4084 747 4135 402.
774 4083 945 4140 antenor
962 4102 990 4154 p.
1009 4088 1050 4138 24.
1069 4113 1102 4124 -
1124 4082 1256 4147 brassica]
1274 4084 1366 4139 Lae·

224 4168 293 4234 tus,
319 4166 439 4222 blassiea
456 4167 548 4222 libri.
568 4197 601 4206 -
626 4171 656 4222 19
673 4167 807 4236 praesica]
828 4168 1026 4235 Turnebus,
1042 4167 1151 4239 passiea
1168 4165 1267 4236 libri,
1283 4184 1366 4238 prae·

225 4265 288 4304 seca
304 4251 423 4306 Aldus.
442 4283 474 4291 —
492 4256 670 4322 praesecatur
686 4253 805 4320 Aldus,
822 4254 1011 4322 praesiccatur
1028 4253 1164 4307 Laetus.
