3038 5048
525 335 639 391 LIBER
655 337 803 393 SEXTUS.
840 339 984 405 §ib-38.
1282 341 1322 399 85

179 516 264 576 uum
293 509 406 593 habet,
440 515 475 575 ut
497 509 538 575 ab
561 509 634 592 lego
656 511 755 576 Lecte
781 530 821 577 ao
842 509 1044 593 Lectissime,
1078 511 1189 578 horum
1212 512 1324 582 verbo-

180 632 252 680 rum
273 611 301 678 si
322 610 514 697 primigenia
535 616 609 679 sunt
630 611 673 678 ad
695 613 793 696 mille,
816 619 852 679 ut
873 611 1045 680 Cosconius
1067 613 1186 698 scribit,
1210 635 1250 682 ex
1272 636 1324 683 eo-

179 735 251 783 rum
269 712 537 781 declinationibus
551 714 720 781 verborum
742 713 926 782 discrimina
948 717 1120 799 quingenta
1141 716 1232 784 milia
1253 736 1324 785 esse

179 821 313 904 possunt
334 815 418 900 ideo,
441 817 518 898 quia
532 812 574 903 [a]
589 817 722 899 singulis
737 817 845 884 verbis
866 818 1066 904 primigeniis
1087 820 1212 886 circiter
1233 819 1321 904 quin·

140 932 157 985 u
178 925 297 1004 gentas
311 917 434 1002 specics
448 917 714 986 declinationibus
728 918 816 986 fiunt.
853 920 1050 1006 Primigenia
1064 920 1210 988 dicuntur
1223 922 1324 987 verba

179 1027 216 1089 ut
236 1022 342 1105 Lego,
364 1019 493 1105 Scribo,
516 1020 583 1104 Sto,
606 1021 713 1089 Sedeo
735 1028 768 1088 et
788 1030 895 1090 cetera
917 1043 1000 1105 quac
1021 1044 1085 1090 non
1106 1028 1179 1090 sunt
1200 1023 1242 1089 ab
1264 1023 1321 1090 ali-
1343 1030 1364 1108 §
1386 1031 1424 1093 37

179 1144 244 1210 quo
267 1124 376 1207 verbo,
399 1123 457 1190 sed
479 1142 554 1190 suas
576 1124 696 1192 habent
723 1123 857 1192 radices.
902 1124 1020 1192 Contra
1041 1125 1142 1192 verba
1164 1125 1325 1193 declinata

175 1233 254 1293 -sunt
275 1246 359 1310 quae
379 1227 422 1292 ab
444 1225 509 1293 alio
531 1225 688 1311 oriuntur,
719 1230 755 1293 ut
776 1229 818 1294 ab
841 1228 913 1311 lego
935 1228 1048 1314 Legis,
1069 1227 1181 1312 Legit,
1202 1227 1324 1312 Legem

180 1334 213 1397 et
234 1329 282 1396 sic
302 1328 447 1395 indidem
467 1328 542 1396 hinc
562 1330 731 1415 permulta.
774 1329 880 1410 Quare
908 1332 936 1397 si
966 1331 1037 1413 quis
1065 1329 1323 1416 primigeniorum

127 1446 157 1498 to
177 1434 349 1501 verborum
378 1431 517 1516 origines
544 1433 734 1516 ostenderit,
768 1434 797 1500 si
819 1453 859 1500 ea
880 1432 968 1500 mille
996 1442 1084 1517 sunt,
1118 1432 1325 1517 quingentum

179 1536 303 1603 milium
317 1534 510 1620 simplicium
524 1535 693 1601 verborum
708 1554 822 1602 causas
843 1536 1003 1621 aperuerit
1023 1556 1104 1620 una,
1126 1536 1176 1602 sin
1197 1537 1476 1621 nullius,o›.nvsp.q

180 1645 290 1706 tamen
317 1637 372 1720 qui
399 1637 441 1703 ab
470 1635 521 1704 his
550 1636 675 1719 reliqua
701 1643 773 1705 orta
802 1640 992 1722 ostenderit,
1026 1638 1105 1704 satis
1136 1637 1254 1704 dixerit
1283 1637 1325 1704 de

180 1740 356 1825 originibus
384 1741 573 1825 verborum,
606 1758 678 1805 cum
705 1740 791 1807 unde
822 1749 900 1808 nata
931 1742 1011 1825 sint,
1044 1739 1202 1824 principia
1234 1746 1325 1805 erunt

180 1864 293 1930 pauca,
317 1864 401 1929 quae
421 1841 497 1909 inde
518 1846 595 1908 nata
616 1842 690 1927 sint,
712 1842 966 1911 innumerabilia.
1021 1846 1050 1910 A
1073 1843 1190 1926 quibus
1211 1842 1323 1911 iisdem

127 1959 157 2010 ro
177 1945 346 2033 principiis
360 1944 548 2031 antepositis
569 1945 768 2031 praeverbiis
790 1945 901 2029 paucis
924 1947 1071 2012 immanis
1086 1947 1257 2014 verborum
1271 1967 1325 2014 ac·
1347 1954 1366 2035 5
1389 1955 1429 2018 38

180 2047 267 2117 cedit
293 2068 461 2132 uumerus,
494 2046 581 2131 quod
608 2048 806 2133 praeverbiis
834 2048 965 2114 mutatis
993 2047 1111 2114 additis
1139 2055 1237 2131 atque
1264 2071 1326 2113 raon

180 2151 311 2218 mutatis
332 2151 423 2218 aliud
443 2158 541 2234 atque
561 2151 649 2215 aliud
671 2149 722 2235 fit,
745 2158 780 2216 ιιι
802 2151 885 2217 enim
908 2145 1101 2236 [Prolcessit
1123 2157 1155 2219 et
1169 2153 1325 2236 Recessit,
1335 2173 1365 2224 o.
1373 2173 1412 2215 ars
1421 2171 1478 2223 sao

180 2255 229 2324 sic
249 2253 396 2321 Accessit
417 2258 450 2319 et
471 2252 651 2336 Abscessit3
682 2251 760 2319 item
782 2252 918 2318 Incessit
941 2258 973 2318 et
993 2253 1156 2335 Excessit,
1179 2253 1227 2319 sic
1248 2252 1325 2319 Suc-

181 2357 278 2426 cessit
299 2362 331 2424 et
351 2356 515 2439 Decessit,
539 2359 571 2422 et
594 2354 759 2421 concessit
780 2358 821 2432 [ct
843 2350 1022 2436 Discessit}
1066 2352 1161 2431 Quod
1188 2354 1216 2421 si
1245 2354 1327 2420 haec

127 2474 158 2525 uo
179 2461 294 2529 decem
315 2460 388 2527 sola
407 2455 599 2542 praeverbia
620 2462 743 2539 essent,
777 2455 926 2538 quoniam
954 2457 996 2522 ab
1024 2477 1087 2523 uno
1109 2456 1207 2522 verbo
1229 2456 1325 2522 decli-

181 2562 345 2630 nationum
368 2561 542 2645 quingenta
562 2558 746 2625 discrimina
767 2558 896 2642 fierent,
918 2559 969 2625 his
992 2557 1230 2642 decemplicatis
1252 2579 1324 2625 oon-

210 2752 213 2763 ,
250 2704 264 2754 1
283 2702 326 2761 ac]
339 2700 368 2752 et
379 2694 476 2762 GHb,
493 2710 545 2749 om.
558 2693 693 2747 Laetus.
712 2694 787 2761 conf.
798 2693 824 2746 X
836 2695 852 2762 ξ
863 2698 904 2747 tl.
923 2725 955 2732 —
975 2693 1153 2763 sprimigena
1166 2693 1233 2748 GV.
1246 2724 1278 2732 -
1291 2695 1328 2748 ad

179 2785 264 2848 mille]
273 2780 466 2847 Victorius,
485 2778 583 2848 vulg,
601 2778 715 2832 admitte
732 2778 827 2832 libri.
841 2810 873 2817 —
886 2779 1097 2833 3discriminum
1106 2778 1326 2846 Augustinus.

179 2865 258 2942 ‘sort
271 2867 428 2922 discrimina
439 2858 487 2919 ad’
503 2864 573 2934 LSp.
592 2893 626 2902 -
643 2864 698 2930 la]
718 2863 781 2916 add.
799 2863 861 2932 LSp
880 2864 928 2933 qui
944 2859 1024 2934 ‘fort
1043 2865 1116 2932 quod
1133 2879 1220 2933 apro
1239 2859 1327 2932 quia'.

181 2955 259 3025 cous.
277 2953 339 3021 Lsp
358 2951 471 3005 Emend.
490 2967 518 3019 p.
538 2954 562 3004 5.
588 2948 712 3004 Reiter
729 2966 756 3018 p.
777 2953 834 3002 101.
853 2949 940 3019 (iufra
958 2949 1010 3004 VH
1028 2950 1044 3017 ξ
1063 2953 1106 3015 l).
1124 2979 1157 2987 -·
1175 2948 1328 3018 primigenii

180 3039 278 3107 libri,
297 3054 367 3093 corr.
386 3036 471 3103 vulg.
491 3065 522 3074 —
542 3038 557 3088 8
575 3033 639 3098 alio]
658 3033 692 3101 G,
709 3034 943 3102 Augustinus,
970 3034 1024 3089 alio
1042 3050 1096 3103 quo
1114 3033 1259 3103 Miiller,
1276 3035 1327 3089 ali·

181 3141 236 3195 quo
253 3122 348 3178 libri.
368 3151 401 3159 -
419 3125 435 3175 9
452 3120 581 3186 indidem]
600 3136 628 3188 p,
644 3119 675 3171 in
691 3117 811 3172 indidem
830 3120 952 3187 ceteri,
970 3120 1065 3174 itidem
1082 3119 1224 3187 Laetus,
1241 3121 1273 3174 B.
1292 3147 1325 3158 -

181 3209 256 3273 hinc]
273 3208 319 3261 hic
336 3207 359 3275 f,
374 3209 426 3261 hec
443 3224 471 3275 p,
489 3210 517 3261 et
535 3206 574 3259 sic
591 3205 737 3274 Laetus,
755 3212 784 3260 et
801 3205 837 3260 sit
854 3206 885 3260 B.
905 3235 938 3244 -
958 3209 987 3260 11
1007 3221 1076 3258 unas
1093 3205 1123 3257 in
1138 3205 1238 3273 libri,
1256 3221 1327 3259 corr.

182 3293 375 3350 Turnebus.
393 3287 470 3361 ‘fort
483 3292 584 3346 rectius
602 3285 636 3346 si'
656 3289 727 3360 LSp.
747 3320 780 3328 —
798 3290 906 3359 aperuit
922 3306 978 3344 non
995 3290 1084 3344 minus
1101 3295 1193 3344 tamen
1211 3290 1326 3358 Sciop-

180 3379 265 3449 pius.
293 3409 327 3417 -
356 3381 387 3430 12
404 3381 495 3430 tamen
512 3376 567 3443 qui]
585 3371 662 3444 ‘fort
681 3379 831 3430 settamen
849 3370 1014 3442 quae’LSp.
1042 3406 1075 3415 —
1103 3379 1134 3428 13
1152 3391 1232 3443 quom
1249 3374 1326 3428 Hal.

181 3496 214 3505 —
243 3467 274 3518 14
295 3461 394 3532 quibus
411 3465 509 3527 (orna)
536 3460 731 3530 Scioppius.
762 3491 795 3500 -
826 3464 857 3514 15
875 3459 1026 3530 principiis]
1054 3456 1131 3528 ‘fort
1150 3453 1326 3530 primigeniis'

180 3549 253 3620 LSp.
280 3578 311 3587 -
342 3551 373 3602 16
394 3547 515 3610 mutatis]
539 3563 591 3600 om.
614 3546 660 3613 M,
686 3546 830 3612 Laetus,
855 3545 991 3612 Madvig
1013 3545 1136 3612 Adall,
1156 3547 1213 3598 169.
1247 3540 1326 3614 ‘fort

182 3627 276 3690 nudis'
293 3633 365 3703 LSp.
384 3662 419 3671 —
435 3647 491 3687 non
507 3630 628 3694 mutatis]
645 3631 752 3702 scripsi,
771 3630 943 3685 commutatis
960 3629 1054 3683 libri.
1073 3628 1124 3683 boc
1142 3628 1222 3683 dicit:
1241 3645 1327 3700 prcc-

181 3719 274 3776 oerbiu
292 3717 389 3772 additu
407 3723 457 3770 aut
473 3721 578 3770 mutatu
596 3719 659 3769 suut
676 3720 707 3770 ut
725 3731 758 3770 ac
775 3714 824 3768 abs
843 3730 891 3768 suc
910 3730 971 3782 con,
989 3722 1039 3768 aut
1054 3730 1110 3768 nou
1127 3718 1232 3766 nsututu
1250 3720 1280 3767 ut
1295 3729 1327 3767 re

181 3805 211 3859 in
228 3820 263 3858 ex
280 3804 324 3858 de.
352 3833 385 3841 -
414 3804 443 3855 ll
462 3799 607 3870 processit]
626 3799 809 3867 Fritsche,
836 3799 920 3855 cessit
936 3799 1029 3853 libri.
1062 3793 1143 3868 ‘fort
1161 3814 1177 3852 e
1195 3798 1280 3853 cessit
1295 3797 1327 3853 fit

181 3879 331 3960 processit’
344 3886 414 3955 LSp.
433 3917 466 3924 -
486 3889 518 3938 19
535 3889 564 3939 et
575 3883 711 3950 discessit]
723 3886 786 3941 odd.
796 3884 1021 3952 Vertranius,
1038 3888 1067 3939 et
1077 3883 1226 3953 praecessit
1237 3883 1325 3952 vulg.

182 3993 220 4031 ex
238 3976 277 4044 B,
295 3978 323 4028 et
339 3970 475 4042 processit
491 3970 758 4039 Rholandellus,
785 3988 837 4025 om.
855 3971 952 4024 libri.
989 3969 1132 4024 verboram
1150 3968 1219 4023 ordo
1237 3972 1328 4026 catis

180 4060 239 4130 suit
256 4063 288 4113 at
303 4057 507 4128 coniungantur
524 4056 679 4119 contrario,
705 4060 753 4109 aul
765 4055 929 4127 praecordia
947 4070 1002 4108 aon
1019 4060 1124 4107 mutatu
1141 4054 1182 4109 bis
1200 4056 1328 4127 opposita

182 4149 263 4197 eram
279 4141 398 4196 mutatus.
432 4139 485 4195 boc
500 4140 525 4193 si
540 4139 612 4210 fait,
631 4140 767 4194 conicias:
792 4141 857 4194 item
875 4144 907 4194 ut
922 4138 1035 4193 incessit
1052 4143 1080 4192 et
1097 4139 1216 4194 excessit
1234 4145 1262 4195 et
1280 4142 1326 4195 de·

183 4227 267 4282 cessit
284 4231 322 4292 [et
339 4224 491 4294 ffisocssit],
509 4224 548 4279 sic
566 4225 699 4281 successit
716 4229 745 4280 et
762 4225 905 4281 concessit.
932 4254 965 4262 —
991 4227 1023 4279 20
1043 4222 1225 4281 declinatione
1241 4225 1327 4296 vulg.
1402 4234 1407 4247 ·

183 4330 221 4370 cx
239 4313 270 4367 B.
306 4327 343 4364 aa
360 4310 605 4368 declinationibus?
