3038 5048
265 292 326 352 258
594 289 897 347 mensuremus.
932 290 1078 359 acc-ro.

267 461 352 530 enim
385 462 419 529 in
448 461 498 529 his
531 482 584 530 res
618 460 789 545 singularis
825 461 936 530 subest
972 481 1052 545 uua,
1089 481 1162 530 cum
1193 460 1319 530 dicitur
1349 463 1430 548 Biga

266 563 446 647 Quadriga,
476 582 580 647 neque
602 562 644 629 ab
667 563 717 630 his
739 563 873 630 vocibus
895 581 978 645 quae
1000 562 1165 632 declinata
1192 568 1289 647 suut,
1322 564 1426 630 multi·

267 663 387 732 tudinis
416 661 596 746 significant
625 664 812 748 quicquam,
845 661 920 730 idco
950 664 1037 746 quod
1065 664 1175 732 omnia
1204 663 1428 731 multitudinis

268 785 351 850 quae
378 762 576 832 declinantur
604 764 646 832 ab
675 783 754 849 nno,
788 770 822 831 ut
850 785 871 831 a
897 765 1022 832 Merula
1041 765 1201 852 Merulae,
1235 771 1317 834 sunt
1345 765 1424 832 eius

269 866 357 936 modi
386 870 421 935 ut
450 863 604 950 singulari
637 863 860 951 subiungatur,
896 864 945 933 sic
972 865 1114 936 Merulae
1143 865 1247 952 duae,
1289 865 1485 935 Catulaot,

165 973 245 1050 §67
271 975 350 1051 tres,
384 967 525 1036 Faculae
553 969 710 1050 quattuor.
768 965 873 1047 Quare
902 987 974 1035 cum
1003 967 1090 1036 idem
1119 988 1185 1037 non
1213 968 1324 1054 possit
1352 967 1425 1036 sub-

268 1069 372 1153 iungi,
406 1088 478 1136 oum
507 1067 642 1135 dicimus
664 1067 766 1151 Bigae
794 1086 895 1152 unae,
928 1066 1112 1152 Quadrigas
1141 1067 1243 1154 duae,
1279 1069 1426 1156 Nuptiae

111 1178 349 1254 «amasiones,
392 1168 452 1236 scd
486 1188 545 1253 pro
582 1188 620 1238 eo
656 1187 740 1236 unae
774 1167 892 1254 Bigae,
936 1169 1033 1237 binae
1069 1168 1270 1255 Quadrigae,
1318 1171 1425 1238 trinae

269 1270 424 1356 Nuptiae,
458 1274 592 1356 apparet
616 1291 680 1337 non
702 1289 773 1339 esse
795 1289 815 1337 a
836 1269 919 1353 Biga
941 1275 973 1337 et
995 1261 1161 1356 Quadriga
1184 1267 1237 1358 [et]
1260 1270 1369 1354 Bigae
1392 1278 1425 1337 et

268 1371 469 1457 Quadrigas,
501 1370 561 1439 sed
588 1376 623 1438 ut
652 1376 702 1438 cst
729 1369 823 1438 huius
851 1369 972 1438 ordinis
1000 1392 1065 1439 una
1094 1371 1177 1439 duae
1206 1376 1274 1440 tres
1304 1371 1422 1458 princi·
1445 1382 1467 1434 lo

268 1476 356 1560 pium
380 1475 468 1557 Una,
502 1473 549 1540 sic
578 1471 612 1539 in
640 1473 702 1539 hoc
728 1471 839 1541 ordine
861 1471 962 1540 altero
984 1493 1068 1541 unae
1089 1472 1184 1540 binae
1206 1472 1313 1543 trinae
1336 1473 1422 1560 prin-

162 1578 246 1658 §68
270 1576 387 1662 cipium
417 1581 467 1642 est
495 1575 594 1642 Unae.
652 1572 797 1640 Tertium
832 1593 933 1658 genus
970 1581 1019 1641 est
1053 1573 1135 1641 illud
1170 1572 1295 1660 duplex
1335 1573 1422 1658 quod

268 1676 354 1758 dixi,
387 1676 421 1743 in
451 1696 513 1759 quo
544 1680 575 1742 et
605 1693 656 1741 res
686 1680 718 1740 et
747 1693 843 1741 voces
872 1674 1018 1741 similiter
1041 1674 1248 1759 proportione
1270 1675 1422 1743 dicuutur

268 1782 303 1843 ut
326 1778 434 1843 Bonus
455 1775 576 1861 Malus,
607 1773 690 1842 Boni
719 1773 814 1860 Hali,
847 1774 888 1843 de
911 1795 1046 1858 quorum
1067 1774 1219 1859 analogia
1241 1782 1274 1844 et
1295 1776 1419 1845 Aristo

267 1877 392 1963 phanes
414 1883 447 1943 et
468 1875 525 1942 alii
546 1874 750 1961 scripserunt.
803 1875 930 1944 Etenim
952 1875 1032 1944 haec
1055 1876 1192 1961 denique
1214 1877 1363 1962 perfecta
1385 1884 1421 1945 ut
1444 1890 1467 1942 ιι

266 1979 300 2046 in
330 1977 491 2064 oratione,
527 1975 604 2044 illae
633 1976 717 2046 duae
751 1976 912 2063 simplices
947 1977 1116 2047 inchoatae
1150 1978 1340 2064 analogiae,
1377 1976 1420 2046 de

269 2079 385 2166 quibus
414 2085 522 2147 tamen
550 2079 723 2164 separatim
753 2079 874 2164 dicam,
908 2079 993 2163 quod
1022 2079 1072 2147 his
1095 2100 1222 2166 quoque
1244 2080 1365 2147 utimur
1386 2079 1421 2148 in

163 2184 247 2264 §69
270 2180 439 2266 loquendo.
498 2179 565 2248 Sed
592 2180 681 2266 prius
710 2181 752 2249 de
778 2181 937 2265 perfecta,
970 2180 1005 2247 in
1034 2200 1098 2265 qua
1126 2187 1159 2250 et
1186 2200 1238 2249 res
1264 2187 1297 2249 et
1319 2199 1421 2249 voces

268 2284 409 2370 quadam
445 2281 654 2350 similitudine
689 2282 904 2366 continentur,
948 2281 1038 2349 cuius
1072 2301 1191 2366 genera
1226 2287 1302 2349 sunt
1346 2283 1420 2368 tria,

266 2405 367 2453 unum
389 2384 595 2451 remaculum
617 2402 656 2451 ac
678 2382 911 2467 dominatum,
933 2384 1070 2450 alterum
1090 2381 1326 2468 adventicium,
1357 2387 1419 2452 ter·
1441 2400 1467 2450 m

267 2485 346 2553 tium
375 2485 508 2553 nothum
539 2503 580 2551 ex
608 2482 777 2569 peregrino
806 2484 859 2552 hic
886 2488 1007 2552 natum.
1059 2484 1273 2553 vernaculum
1304 2491 1421 2554 estut

267 2586 364 2654 Sutor
384 2592 417 2652 et
438 2586 561 2671 Pistor,
593 2585 700 2653 Sutori
729 2584 861 2670 Pistori3
895 2583 1111 2654 adventicium
1133 2592 1182 2654 est
1203 2591 1239 2652 ut
1260 2587 1420 2654 Hectores

117 2688 430 2771 (praecantatores,
452 2688 609 2756 Hectoras
624 2688 794 2772 Nestoras;
818 2687 947 2756 tertium
967 2685 1049 2755 illud
1070 2687 1204 2755 nothum
1222 2692 1258 2754 ut
1272 2687 1420 2756 Achilles

165 2791 248 2869 §70
272 2794 303 2856 et
331 2790 435 2857 Peles.
494 2787 535 2859 de
563 2808 681 2875 genere
709 2786 803 2854 multi
829 2793 961 2856 utuntur
992 2808 1057 2855 non
1089 2787 1186 2856 modo
1214 2793 1332 2873 poetae
1361 2789 1421 2856 sed

352 2956 384 3010 F.
404 2955 451 3009 fol.
471 2959 503 3009 34
520 2954 595 3023 pelas
614 2956 764 3024 degenere
783 2994 789 3008 .
809 2993 816 3010 .
835 2993 843 3012 .
861 2953 949 3011 seruis

351 3141 367 3191 a
385 3142 450 3194 sunt
466 3139 662 3209 mulcemus,
680 3138 863 3195 mutitudinis
882 3138 1008 3196 cnrrst.
1035 3170 1068 3179 -
1095 3143 1111 3195 e
1129 3110 1286 3211 significauit
1302 3141 1341 3212 r,
1370 3147 1421 3215 qua

268 3222 385 3278 coluisse
410 3221 462 3278 oid.
489 3222 633 3291 significat.
659 3253 694 3264 -
720 3223 866 3280 bacculae
892 3224 979 3293 vulg.
1007 3252 1040 3264 -
1067 3226 1083 3278 6
1107 3225 1235 3296 subiungi
1260 3229 1335 3298 quod
1361 3245 1418 3285 non

266 3307 381 3364 dicimus
398 3322 455 3362 una
471 3307 535 3376 biga
556 3307 756 3378 Scioppius,
783 3311 810 3362 et
833 3307 887 3362 πίει·
910 3306 986 3378 qaod
1005 3306 1070 3377 biga
1092 3324 1149 3366 una
1171 3311 1314 3382 Mbller,
1341 3314 1419 3385 quod

263 3396 432 3463 postremam
455 3391 510 3447 iam
534 3391 595 3461 LSp
619 3396 684 3446 anta
706 3407 767 3447 cam
790 3392 950 3448 coniecerat.
973 3392 1043 3447 satia
1065 3393 1130 3460 crit,
1159 3396 1272 3467 opinor,
1297 3397 1323 3453 si
1346 3397 1417 3453 Var-

264 3492 359 3532 ronem
385 3476 465 3545 bigae
491 3476 517 3546 1,
544 3476 692 3546 quadrigae
718 3476 759 3544 Π,
785 3476 899 3546 nuptiae
924 3475 967 3532 111
992 3492 1166 3534 numeroram
1192 3481 1280 3552 ripato
1305 3487 1419 3538 notasse

263 3563 420 3615 statuemus.
447 3592 480 3600 -
507 3565 566 3626 ila]
585 3577 635 3615 om.
653 3560 739 3630 vulg.
757 3591 790 3599 -
809 3563 845 3625 et]
863 3559 915 3614 dcl.
933 3561 1005 3631 LSp.
1026 3592 1061 3601 —
1089 3566 1120 3618 10
1138 3568 1202 3628 una]
1220 3566 1317 3634 vulg„
1343 3582 1417 3622 unae

264 3643 297 3699 F.
325 3675 359 3685 -
385 3645 538 3715 principum
563 3645 588 3700 F
614 3645 730 3713 (Groth).
757 3674 792 3686 -
819 3649 850 3698 15
869 3644 1039 3715 scripserunt
1065 3661 1136 3702 corr.
1163 3663 1200 3703 cx
1226 3649 1355 3706 dixerunt
1381 3651 1415 3706 F.

264 3759 298 3768 —
321 3731 430 3795 etenim]
448 3734 477 3785 et
494 3730 530 3786 V¹
548 3729 629 3796 (enim
646 3727 708 3784 add.
727 3745 763 3785 m.
780 3731 854 3795 rac),
881 3733 923 3784 est
940 3729 1012 3785 enim
1032 3730 1218 3802 Scioppius
1239 3733 1310 3803 fort.
1333 3741 1416 3801 recte,

264 3814 356 3883 itaque
373 3813 492 3869 Reiter
507 3830 535 3883 p.
555 3817 587 3868 82
605 3814 668 3869 adn.
689 3818 713 3883 1,
730 3827 757 3883 p.
776 3817 809 3869 35
827 3827 866 3881 aq.
893 3843 928 3854 —
954 3817 994 3878 ut]
1017 3809 1094 3885 ‘fort
1119 3819 1162 3873 est
1184 3822 1234 3872 oct
1255 3809 1317 3872 dcl?
1340 3817 1414 3889 LSp.

264 3928 298 3937 —
318 3902 348 3953 16
362 3898 508 3954 incohatae
526 3897 582 3953 Ga.
600 3928 634 3938 -
652 3901 685 3952 22
702 3892 782 3968 ‘fort
800 3900 878 3952 sutor
893 3893 993 3967 piator’
1012 3899 1083 3970 LSp.
1107 3930 1141 3940 —
1167 3901 1254 3956 sutori
1271 3904 1299 3957 et
1315 3902 1415 3971 pistori

265 3981 333 4036 GH.
355 4012 390 4022 -
415 3978 492 4052 ‘fort
511 3982 658 4038 Hectorem
673 3983 818 4039 Nestorem
834 3983 956 4039 Hectora
973 3980 1104 4041 Nestora’
1124 3984 1195 4053 Lsp.
1219 4015 1253 4026 -
1276 3989 1309 4040 24
1325 3987 1414 4056 pelles

264 4063 302 4130 G,
330 4065 429 4122 Peleus
452 4067 588 4122 Laetus.
611 4060 762 4122 ‘intercidit
782 4068 927 4138 amicaque
948 4069 1066 4124 comiato
1081 4069 1152 4124 alter
1168 4065 1261 4123 casas'
1280 4070 1352 4142 LSp.
1379 4101 1412 4112 -

264 4146 298 4200 de
324 4157 431 4215 genere]
458 4167 511 4221 quo
534 4166 633 4219 genere
656 4152 885 4222 Scioppius,
921 4167 953 4207 eo
976 4168 1076 4220 genere
1093 4150 1251 4220 Mllller,
1276 4155 1413 4225 degenere

263 4230 459 4290 Lachmann
484 4236 520 4290 ad
547 4235 630 4290 Lucr.
656 4253 684 4307 p.
706 4239 747 4290 56.
777 4229 855 4307 ‘fort
877 4235 967 4292 medic
993 4235 1037 4291 ccl
1060 4233 1179 4290 secundo
1200 4235 1312 4302 genere’
1339 4240 1410 4310 LSp.
