3038 5048
125 194 185 253 1cs
458 192 571 249 susas
588 193 764 251 oossvss.
800 196 876 264 oro.
897 199 937 251 11.

125 385 203 433 usus
233 370 301 432 erat
329 366 483 452 simplex,
522 363 678 453 [simplos]
708 366 754 432 ibi
783 367 879 434 etiam
907 365 1061 433 vocabuli
1098 365 1298 453 declinatus,

14 483 115 537 west)
126 473 161 536 ut
190 470 223 535 is
252 488 317 551 qua
345 467 440 536 domo
471 488 551 536 uuus
573 487 701 552 servus,
731 488 792 535 uno
816 467 926 535 servili
953 472 1050 552 opust
1072 468 1234 552 nomine,
1264 470 1299 536 in

127 591 192 654 qua
221 571 326 653 multi,
355 571 509 655 pluribus.
552 570 656 654 Igitur
683 577 716 638 et
743 571 776 636 iu
805 570 855 636 his
882 569 978 637 rebus
1006 587 1096 652 quae
1126 577 1210 638 sunt
1241 593 1298 640 uo·

128 672 225 756 mina,
248 672 334 753 quod
356 671 541 739 discrimina
568 672 657 739 vocis
680 671 786 757 plura,
816 671 1009 757 propagines
1032 671 1168 758 plures,
1208 674 1296 742 etis

128 774 178 841 his
207 775 301 842 rebus
332 793 415 856 quae
444 774 577 859 copulae
611 780 685 840 sunt
716 792 756 840 ac
785 775 918 857 iungunt
947 772 1064 855 verba,
1101 774 1199 855 quod
1231 790 1323 842 noue

128 895 208 960 opus
230 875 289 941 l'uit
311 874 464 942 decliuari
486 876 519 941 in
541 877 643 960 plura,
666 875 734 942 sere
758 876 884 957 singula
905 879 994 957 suut;
1017 893 1084 940 uno
1105 875 1201 942 enim
1224 877 1295 944 loro

128 977 262 1059 alligare
284 976 388 1061 possis
410 979 463 1043 vel
485 976 646 1044 hominem
669 979 723 1043 vel
746 995 862 1059 equum
885 977 937 1041 vel
960 974 1050 1041 aliud
1071 976 1178 1060 quod,
1205 980 1296 1062 qula

131 1078 207 1160 quid
230 1084 279 1145 est
302 1078 388 1161 quod
409 1098 480 1143 sum
503 1078 605 1144 altero
627 1086 734 1163 potest
755 1078 910 1161 colligari.
948 1076 1002 1143 Sic
1025 1077 1116 1157 quod
1148 1077 1296 1149 dicimus

130 1179 164 1246 in
187 1179 346 1262 loquendo
369 1178 488 1247 Consul
517 1179 577 1245 fuit
599 1180 724 1246 'Pullius
754 1186 786 1246 ct
809 1180 981 1262 Antonius,
1012 1177 1130 1244 eodem
1152 1180 1219 1249 illo
1245 1198 1295 1254 ΕΤ

1 1282 232 1351 ·⁴⁰0³u·¹)omuis
255 1283 346 1348 binos
368 1282 515 1347 consules
538 1281 690 1364 colligare
711 1300 893 1365 possumus,
924 1282 976 1347 vel
998 1279 1105 1344 dicam
1131 1285 1336 1370 ampliusve

129 1384 237 1449 omnia
257 1383 400 1466 nomina,
428 1388 525 1465 atque
547 1382 629 1449 adeo
652 1382 749 1448 etiam
772 1383 880 1447 omnia
901 1383 1020 1466 verba,
1049 1401 1124 1447 cum
1148 1383 1295 1454 fulmen·

129 1491 195 1550 tum
219 1505 259 1550 ex
282 1503 345 1549 una
367 1484 494 1568 syllaba
515 1482 597 1549 illud
620 1498 669 1552 ΕΤ
693 1488 821 1549 maneat
842 1503 948 1550 unum.
989 1481 1095 1560 Quare
1121 1484 1210 1552 duce
1235 1509 1292 1555 ns·

129 1590 201 1650 tura
223 1585 278 1668 sio,
302 1604 384 1666 quae
406 1585 555 1670 imposita
577 1591 683 1652 esseut
698 1585 856 1651 vocabula
878 1585 982 1669 rebus,
1004 1603 1045 1651 ue
1067 1585 1109 1650 ab
1134 1589 1293 1658 omnibus

129 1683 181 1751 his
203 1685 381 1753 declinatus
403 1692 560 1771 putarent.

26 1793 46 1872 ξ
72 1797 104 1856 11
217 1791 245 1851 4.
283 1786 423 1865 Quarum
446 1808 550 1854 verum
573 1786 804 1856 declinationes
824 1787 973 1872 oriuntur,
995 1793 1103 1871 partes
1126 1792 1293 1860 orationis
1313 1807 1340 1858 15

129 1894 202 1954 suut
232 1889 330 1972 duae,
364 1891 393 1956 si
422 1891 499 1956 item
530 1898 565 1957 ut
593 1890 678 1956 Dion
711 1890 743 1955 in
772 1890 829 1955 tris
859 1889 1061 1956 diviserimus
1090 1896 1206 1974 partes
1240 1917 1293 1964 res

131 2006 214 2070 quae
251 1991 359 2056 verbis
395 1991 628 2077 significantur,
670 2012 764 2058 unam
802 2011 884 2073 quae
921 1990 1121 2072 adsignificat
1160 2014 1293 2082 cassus,

214 2176 237 2230 F
255 2176 302 2232 Iol.
324 2179 384 2232 18b
403 2183 430 2234 et
447 2178 575 2234 antonius

218 2371 229 2417 1
250 2365 365 2434 simplex
383 2365 498 2435 simplex
514 2364 562 2429 ibi]
581 2363 784 2432 Scioppius,
812 2362 927 2432 simplex
943 2362 982 2417 ibi
999 2363 1023 2417 F
1044 2364 1171 2433 fortusse
1186 2367 1294 2436 fercn-

130 2448 203 2502 dmu.
231 2478 264 2488 -
292 2453 307 2501 2
326 2449 435 2503 seruilio
453 2453 517 2519 post
534 2449 567 2516 F,
593 2463 664 2502 corr.
683 2446 861 2517 Scioppius
880 2449 929 2517 qur'
945 2448 1033 2504 solum
1056 2453 1137 2517 opust
1161 2453 1293 2524 scripsit.

130 2532 206 2602 conf.
224 2534 294 2601 Aug.
313 2534 441 2589 Mdller
459 2552 486 2604 p.
506 2537 547 2587 12.
565 2563 599 2572 -
623 2535 637 2585 3
657 2548 737 2600 quam
754 2533 833 2588 multi
851 2547 923 2588 corr.
941 2549 979 2586 ecc
997 2549 1078 2602 quam
1095 2534 1134 2603 pli
1150 2537 1237 2592 multi
1256 2540 1293 2595 F.

131 2617 261 2672 librarius
278 2619 434 2690 scripturus
451 2625 512 2673 erat
528 2617 653 2688 pluribus
672 2619 771 2671 omisso
783 2616 870 2671 multi.
889 2647 922 2656 -
940 2621 1018 2685 quae]
1030 2617 1103 2688 LSp,
1122 2634 1242 2686 quorum
1256 2625 1293 2693 F,

131 2717 246 2770 quarum
263 2701 484 2757 Vestranius.
503 2720 573 2772 quae
589 2702 673 2756 verba
690 2706 753 2757 sunt
771 2707 799 2756 et
816 2701 926 2756 nomina
943 2702 1074 2756 Miller.
1100 2733 1130 2742 —
1157 2709 1176 2758 4
1194 2706 1294 2779 plura,
1361 2707 1364 2711 ’

130 2785 205 2840 vocis
221 2785 362 2853 Madvig
379 2788 447 2840 Adv.
466 2787 502 2853 H,
522 2791 579 2840 114.
603 2818 636 2826 -
659 2786 688 2840 iu
706 2787 749 2840 his
766 2787 848 2841 rebus
866 2785 938 2840 delet
954 2786 1103 2855 Madvig.
1127 2819 1161 2827 -
1187 2796 1203 2844 5
1221 2791 1291 2848 iun·

130 2871 232 2936 guntur
249 2868 282 2935 F,
301 2870 505 2939 coniunguntur
523 2871 591 2938 GH,
609 2888 681 2927 corr.
699 2871 832 2925 Muller.
852 2900 884 2908 -
904 2875 917 2922 7
937 2871 1066 2939 colligare
1083 2871 1174 2942 MVp
1194 2875 1291 2932 Lae.

131 2956 197 3007 tus.
223 2982 258 2989 —
285 2956 300 3006 8
319 2954 451 3022 colligari]
469 2955 595 3026 MVap,
614 2955 744 3023 Calligari
762 2955 784 3008 F
802 2953 892 3020 (Keil),
910 2954 1017 3023 alligari
1033 2957 1078 3024 F1,
1103 2958 1230 3028 colligari
1249 2964 1292 3017 F²

131 3036 248 3103 (Groth),
274 3035 382 3104 alligari
401 3039 468 3094 oH.
495 3070 530 3079 -
558 3046 589 3095 10
608 3041 743 3108 colligare]
761 3039 855 3105 vulg,
882 3037 1009 3108 colligere
1027 3041 1059 3094 F.
1079 3034 1165 3098 ‘certe
1181 3044 1291 3116 ubique

131 3129 182 3176 out
199 3120 327 3191 colligare
345 3127 393 3177 out
411 3123 523 3192 alligare
539 3116 736 3194 reponendum'
755 3123 826 3192 LSp.
855 3151 887 3160 -
913 3124 966 3192 vel]
985 3119 1061 3193 ‘sort
1087 3121 1129 3183 ut'
1148 3128 1221 3200 usp.
1248 3162 1289 3172 -

134 3212 164 3262 11
183 3207 261 3271 adeo]
279 3206 341 3261 ideo
360 3207 392 3276 F,
411 3224 481 3264 corr.
501 3208 697 3279 Scioppius.
724 3238 759 3246 -
785 3207 956 3273 fulmentum]
975 3209 1046 3280 LSp,
1067 3212 1209 3282 Mdller,
1228 3213 1288 3270 Iul·

131 3307 194 3346 meu
210 3295 276 3345 tunc
294 3292 445 3363 FMVap,
462 3293 639 3350 fulmentum
658 3293 721 3363 GH,
740 3291 810 3347 fiunt
827 3297 893 3348 tunc
909 3294 1056 3364 Laetus,
1074 3337 1101 3351 ..
1116 3338 1121 3349 .
1136 3301 1202 3353 tuuc
1221 3316 1287 3356 cum

132 3378 184 3432 loc.
203 3378 235 3445 B,
253 3376 303 3432 fist
320 3381 351 3432 ut
368 3378 563 3449 Scioppius.
590 3411 621 3419 -
651 3383 683 3431 12
702 3377 799 3433 sillaha
816 3378 848 3432 F.
876 3409 908 3417 —
937 3380 1007 3435 duce
1029 3386 1129 3436 natura
1152 3399 1225 3437 corr.
1244 3402 1287 3441 etc

133 3465 198 3517 dum
210 3466 353 3518 cenatura
365 3465 444 3528 (mars.
456 3465 525 3534 sort.
537 3469 599 3530 sec.)
612 3463 645 3532 F,
663 3464 733 3518 duce
751 3468 883 3519 centaura
901 3464 939 3532 M,
959 3467 1028 3521 duco
1045 3471 1145 3522 natura
1162 3470 1284 3525 ceteri.

131 3577 165 3587 -
186 3551 216 3601 13
230 3547 278 3610 sic]
291 3547 399 3618 scripsi,
417 3548 442 3602 si
457 3549 550 3605 libri.
570 3550 639 3603 duce
657 3552 757 3603 natura
774 3549 930 3605 institutum
948 3556 1038 3607 estut
1056 3569 1125 3621 quae
1142 3553 1285 3624 Muller,

132 3627 208 3702 ‘sort
228 3631 346 3686 ducebat
362 3637 463 3688 natura
479 3633 542 3704 ipsa
559 3649 628 3703 quae
645 3632 689 3688 vel
705 3634 775 3689 duce
792 3637 893 3691 natura
910 3636 1040 3692 factumst
1057 3633 1136 3706 quee'
1156 3636 1228 3707 LSp.
1246 3670 1284 3680 —

133 3718 223 3771 rebus.
242 3717 374 3772 MULTA
390 3717 547 3775 DESUNT.
566 3718 609 3773 Ne
626 3718 711 3787 vulg.
730 3721 806 3790 coros.
825 3721 888 3791 LSp
907 3723 1020 3778 Emend.
1034 3738 1107 3790 spec.
1126 3739 1153 3790 p.
1168 3726 1281 3779 12-14.

133 3799 256 3856 Reiter
276 3819 304 3872 p.
323 3807 365 3857 46.
392 3834 424 3842 -
455 3807 486 3858 14
503 3804 538 3858 de
561 3803 705 3858 clinuudu's
729 3804 752 3859 F
778 3809 844 3877 (pro
862 3807 872 3860 l
889 3807 1018 3862 librarius
1041 3805 1150 3859 antcoi
1173 3805 1282 3863 videtur

133 3886 293 3955 scripsisse),
310 3902 382 3942 corr.
401 3888 541 3943 Laetus.
568 3918 600 3926 —
630 3893 660 3943 15
679 3905 794 3958 quorum
812 3891 953 3947 Laetus.
971 3921 1005 3931 -
1024 3894 1124 3953 rerum]
1143 3890 1214 3961 LSp,
1232 3908 1280 3961 ge-

134 3982 228 4023 nerum
245 3969 278 4024 F.
298 4002 329 4010 -
350 3972 473 4028 oriantur
490 3971 523 4041 F,
541 3988 612 4027 corr.
632 3973 770 4030 Laetus.
789 4006 822 4015 —
849 3981 879 4031 16
897 3977 970 4045 dyon
987 3973 1019 4028 F.
1046 4003 1079 4012 -
1109 3976 1280 4044 1111ᾱείςηί-
1321 4007 1330 4020 =

133 4052 251 4108 licentur
268 4055 306 4122 M,
325 4057 465 4112 Laetus.
484 4087 517 4097 —
538 4063 628 4123 unam]
648 4075 732 4114 unum
749 4059 783 4128 F,
800 4077 856 4117 uns
873 4061 1014 4125 Laetus,
1038 4073 1108 4112 corr.
1126 4059 1158 4111 B.
1177 4090 1211 4098 —
1228 4064 1280 4116 ad·

134 4137 277 4207 significat]
290 4133 394 4194 ‘malim
411 4142 495 4196 habet
512 4143 573 4198 coll.
586 4143 612 4197 X
624 4144 641 4210 ξ
655 4149 695 4212 11,
708 4144 782 4214 VIII,
795 4143 841 4199 44²
859 4144 929 4212 LSp.
948 4173 980 4182 -
999 4147 1102 4207 casam]
1120 4141 1183 4214 LSp
1201 4149 1281 4216 (post
