3038 5048
432 334 546 389 mana
564 333 731 403 emarus.
767 334 945 402 ern-14³.
976 339 980 352 =
1168 311 1169 315 '
1234 331 1273 390 av

127 503 274 574 faciendo
303 504 443 589 maxime
471 503 677 587 Aedificium,
710 501 764 591 [et]
793 503 954 590 Oppidum
982 504 1025 571 ab
1054 502 1117 588 Opi
1147 501 1276 587 dictum,

129 608 215 691 quod
237 606 376 674 munitur
397 608 467 692 opis
489 625 587 674 causa
608 606 664 673 ubi
685 607 758 691 sint,
783 613 815 673 et
837 606 923 688 quod
945 625 1024 691 opus
1048 612 1096 672 est
1117 604 1160 671 ad
1177 603 1278 671 vitam

128 709 302 795 gerendam
323 707 379 773 ubi
401 707 545 776 habitent
572 713 649 774 tuto.
694 706 825 792 Oppida
852 709 938 791 quod
965 706 1054 794 operi
1081 706 1276 788 muniebant,

129 811 263 880 moenia.
295 811 365 890 Quo
380 809 549 876 moenitius
565 816 650 877 esset
664 810 752 893 quod
766 811 1015 894 exaggerabant,
1031 812 1174 893 Aggeres
1190 807 1276 889 dicti,

97 922 161 981 set
176 912 230 996 qui
244 931 396 997 aggerem
410 912 585 978 contineret
599 912 752 977 Moerum.
789 909 882 990 Quod
904 910 1067 977 muniendi
1089 929 1185 977 causa
1205 930 1275 995 por-

130 1016 258 1082 tabatur
278 1016 400 1081 Munus.
432 1013 526 1091 Quod
543 1013 712 1096 sepiebant
732 1011 885 1098 oppidum
907 1032 946 1081 eo
961 1030 1118 1094 moenere,
1141 1012 1276 1078 Moerus.
1287 1026 1318 1076 u·
1330 1025 1366 1067 14⁴
1374 1023 1430 1078 snb

129 1115 208 1182 Eius
222 1135 346 1182 summa
360 1115 481 1181 Pinnae
501 1115 543 1181 ab
566 1114 617 1180 his
638 1133 719 1198 quas
739 1113 882 1197 insigniti
905 1115 1030 1205 milites
1044 1113 1076 1178 in
1098 1113 1201 1196 galeis
1222 1113 1277 1180 ha·
1300 1114 1321 1192 S
1347 1115 1405 1177 142

130 1219 207 1286 bere
225 1218 330 1285 solent
351 1223 382 1283 et
402 1216 435 1282 in
450 1215 684 1299 gladiatoribus
698 1215 869 1282 Samnites.
902 1217 1019 1282 Turres
1034 1236 1054 1280 a
1068 1215 1177 1297 torvis,
1193 1215 1279 1298 quod

132 1338 190 1388 eae
212 1319 369 1404 proiciunt
384 1323 458 1385 ante
473 1319 564 1385 alios.
598 1319 670 1397 Qua
684 1318 772 1384 viam
794 1317 1016 1399 relinquebant
1037 1318 1071 1383 in
1092 1336 1191 1400 muro,
1215 1336 1280 1400 qua

80 1434 110 1486 to
130 1421 163 1486 in
193 1420 348 1505 oppidum
375 1423 552 1504 portarent,
580 1421 703 1486 Portas.
770 1417 899 1503 Oppida
925 1419 1105 1485 condebant
1132 1419 1164 1484 in
1185 1418 1280 1485 Latio
1301 1421 1322 1499 ξ
1347 1421 1406 1484 143

130 1522 265 1589 Ebusco
293 1522 355 1588 ritu
377 1522 486 1604 multi,
515 1520 550 1587 id
572 1526 621 1587 est
642 1520 758 1587 iunctis
781 1522 896 1605 bobus,
925 1527 1015 1586 tauro
1038 1527 1070 1588 et
1091 1539 1205 1604 vacca,
1232 1521 1279 1586 in-

131 1622 246 1690 teriore
269 1629 376 1690 aratro
399 1623 658 1705 circumagebant
679 1624 811 1689 sulcum.
852 1623 914 1690 hoc
934 1622 1097 1689 iaciebant
1117 1623 1279 1707 religionis

132 1745 229 1793 causa
251 1726 304 1794 die
326 1725 506 1810 auspicato,
529 1731 564 1790 ut
585 1725 674 1791 fossa
697 1730 728 1790 et
749 1743 838 1789 muro
861 1728 967 1790 essent
988 1723 1109 1790 muniti.
1146 1725 1280 1791 Terram

130 1827 217 1895 unde
239 1829 472 1912 exculpserant,
494 1825 629 1893 Fossam
646 1824 807 1892 vocabant
828 1831 860 1891 et
881 1825 1052 1892 introrsum
1072 1826 1189 1892 iactam
1211 1827 1277 1894 Mu·
1288 1841 1318 1894 o·
1327 1842 1364 1883 14⁶
1377 1840 1434 1892 sno

81 1943 110 1995 11
131 1949 210 1996 rum.
252 1930 329 1997 Post
352 1947 392 1993 ea
414 1927 469 2008 qui
489 1926 588 1993 fiebat
616 1927 720 2011 orbis,
748 1926 845 1992 Urbis
873 1925 1078 2011 principium3
1114 1927 1168 2010 qui
1197 1926 1283 2011 quod

132 2038 202 2098 erat
215 2035 288 2115 post
302 2049 435 2111 murum,
450 2028 684 2095 Postmoerium
701 2027 829 2110 dictum,
850 2027 981 2109 eiusque
1001 2028 1145 2112 auspicia
1159 2030 1282 2096 urbana

131 2131 280 2199 finiuntur
303 2132 433 2214 [cippr'sl
468 2129 561 2214 Gippi
583 2129 704 2214 pomeri
726 2134 813 2195 stant
835 2135 866 2195 et
887 2130 1005 2195 circum
1019 2129 1161 2196 Ariciam
1175 2136 1208 2198 et
1222 2131 1280 2197 cir-

220 2354 232 2402 1
251 2348 376 2412 maxime]
394 2364 520 2405 maxume
538 2346 611 2414 GH,
636 2345 783 2401 maximum
800 2345 889 2414 vulg.
916 2376 949 2385 -
976 2349 1012 2410 etl
1038 2350 1081 2400 est
1098 2347 1198 2414 vulg,
1226 2362 1279 2402 om.

133 2433 328 2503 Scioppius.
347 2463 379 2471 -
407 2433 461 2502 opi]
480 2448 532 2503 ope
549 2432 689 2486 Laetus.
717 2431 756 2500 cf.
776 2433 856 2500 Aug.
876 2430 1007 2485 Muller
1023 2449 1050 2501 p.
1071 2434 1112 2485 28.
1138 2461 1169 2470 -
1198 2431 1280 2486 lubi

132 2518 169 2574 sit
185 2518 204 2572 b
220 2518 356 2572 Muller.
384 2547 417 2556 —
444 2517 628 2586 3gerundam
648 2515 680 2570 G.
707 2545 740 2554 -
768 2515 825 2580 ubi]
844 2519 876 2571 ut
892 2534 919 2585 p.
947 2546 979 2555 —
1005 2516 1138 2579 habitent]
1157 2516 1279 2571 babeant

131 2603 231 2672 MVp,
252 2601 335 2673 prob.
352 2602 499 2670 Madvig.
519 2603 587 2656 Adv.
606 2601 633 2655 11
651 2618 678 2671 p.
692 2604 748 2654 168.
766 2631 800 2639 -
818 2604 887 2664 tuto]
907 2600 1060 2670 GHpr,
1077 2604 1139 2656 tuta
1156 2601 1226 2655 alii.
1246 2631 1280 2640 -

133 2689 243 2758 oppida]
261 2687 362 2755 oppida
378 2686 422 2740 vel
439 2688 471 2754 Β,
498 2687 540 2741 vel
558 2685 660 2756 oppida
677 2684 761 2753 vulg.
787 2681 866 2754 ‘fort
885 2680 1026 2753 oppidum'
1046 2685 1118 2755 LSp.
1136 2715 1170 2725 -
1188 2685 1275 2754 operi]

133 2773 223 2844 operis
236 2770 374 2839 Muller,
386 2771 537 2839 Madvig,
555 2786 637 2839 opere
648 2769 778 2838 vulg-
796 2769 939 2833 4moenia]
951 2769 1059 2824 moenia
1067 2770 1143 2826 dieta
1154 2771 1278 2841 HMap.

131 2887 166 2898 —
184 2863 246 2927 quo]
264 2858 337 2928 quod
354 2855 477 2926 HVap.
496 2860 639 2911 —essent
657 2855 733 2923 GH,
750 2854 890 2909 Laetus.
922 2854 981 2922 Quo
998 2854 1130 2910 munitius
1148 2860 1180 2912 ut
1198 2860 1278 2924 mast,

133 2942 207 3012 quod
222 2940 372 3011 Madvig.
401 2942 478 3012 conf.
496 2939 584 2996 Rein
602 2939 714 2994 Observ.
733 2939 793 2993 erit.
811 2955 839 3007 p.
860 2941 884 2992 8.
912 2969 944 2978 —
971 2955 1083 3009 aggeres
1101 2940 1178 3004 dieti]
1199 2937 1277 3010 ‘sort

133 3043 256 3097 aggerem
274 3025 416 3082 dicebant'
435 3027 505 3096 LSp.
525 3057 559 3067 -
576 3029 591 3078 5
610 3028 740 3089 macrum]
758 3039 862 3078 merum
879 3022 904 3091 1,
922 3039 1016 3077 murus
1034 3025 1122 3093 vulg.
1141 3041 1180 3079 cca
1194 3025 1226 3079 B.
1245 3056 1279 3065 -

133 3113 284 3182 parabatur
296 3112 356 3181 Vp.
371 3141 404 3151 -
422 3115 438 3164 6
450 3114 557 3179 munus]
571 3111 713 3178 Laetus,
731 3124 827 3163 manus
844 3107 937 3162 libri.
964 3125 1076 3165 moenus
1088 3116 1115 3165 et
1126 3109 1279 3165 moeniendi

133 3196 186 3252 vid.
203 3197 301 3266 faisse.
321 3226 355 3236 -
382 3210 467 3251 causa
483 3213 566 3252 manu
583 3196 743 3266 parabatur,
761 3195 833 3263 quod
850 3193 937 3262 vulg.
955 3209 994 3248 cx
1011 3194 1042 3247 B.
1067 3224 1099 3233 —
1126 3194 1207 3263 quod]
1227 3208 1279 3261 que

134 3281 169 3349 G,
187 3297 240 3350 quo
258 3280 346 3348 vulg.
365 3296 453 3373 '0⁰⁰
471 3285 606 3344 moenere]
626 3279 819 3346 Turnebus,
847 3294 878 3347 ee
898 3293 1039 3333 omoenere
1056 3277 1193 3346 FMVa,
1219 3291 1279 3331 esse

134 3397 259 3440 omenere
271 3380 305 3444 Η,
324 3385 352 3436 et
363 3396 504 3437 emoenere
517 3381 549 3449 (i,
568 3398 600 3436 ee
612 3396 753 3437 emoenere
770 3398 798 3450 p,
817 3395 866 3435 eae
877 3395 1020 3434 amoenare
1032 3379 1056 3448 f,
1075 3395 1154 3447 equo
1167 3393 1279 3434 munere

133 3466 266 3534 vulg-
284 3469 400 3529 moerus]
413 3466 616 3536 Scioppius,
634 3482 728 3520 murus
745 3464 887 3520 libri.—
907 3464 1001 3528 leius]
1016 3449 1046 3518 ei
1063 3463 1096 3531 V,
1115 3464 1186 3519 enim
1203 3479 1230 3532 p.
1249 3493 1280 3502 -

132 3550 235 3606 babere
251 3549 280 3602 in
297 3549 382 3616 galeis
399 3550 536 3606 Laetus.
563 3581 597 3590 —
624 3556 639 3604 9
658 3548 830 3621 prospiciunt
846 3549 890 3616 M,
909 3550 1047 3604 Laetus.
1074 3579 1106 3587 -
1133 3547 1234 3617 quain
1253 3587 1278 3600 ..

132 3639 237 3704 portas]
255 3630 332 3704 ‘fort
350 3650 420 3702 quae
437 3634 467 3688 in
486 3674 511 3688 ..
529 3633 638 3703 portae’
658 3636 730 3707 LSp.
748 3666 777 3674 -
808 3639 837 3690 11
856 3632 943 3698 multi]
962 3637 993 3688 ut
1010 3632 1096 3688 multa
1113 3631 1279 3700 Augusti·

132 3735 209 3786 nus,
227 3717 311 3773 sulcis
329 3717 489 3774 Groth.-
505 3718 597 3784 idest]
616 3719 688 3775 idem
705 3719 724 3774 f.
743 3751 777 3759 -
794 3719 881 3774 bacca
898 3718 994 3786 libri,
1013 3734 1084 3774 corr.
1097 3717 1279 3772 Laetus.—

507 3816 543 3845 um

136 3860 168 3923 14
179 3855 289 3919 iactam]
299 3855 442 3924 muller,
455 3855 556 3910 factam
567 3854 600 3925 F,
613 3855 714 3911 factem
726 3854 852 3922 ueteri,
865 3853 968 3908 factum
980 3853 1117 3909 Laetus.
1128 3883 1161 3892 -
1173 3858 1204 3909 15
1216 3857 1281 3922 post

135 3944 177 4004 ea]
195 3940 338 4009 Mulier,
356 3945 453 4010 postea
470 3939 561 3995 libri.
580 3970 613 3980 -
633 3944 665 3994 16
676 3939 974 4009 pomeriumLaetus.
993 3933 1070 4007 ‘fort
1088 3937 1238 4007 pomerium
1250 3942 1281 3993 ut

134 4021 339 4094 postmoerium’
351 4025 423 4096 LSp.
434 4056 466 4065 -
475 4025 596 4093 eiusque]
607 4025 674 4093 eius,
687 4040 740 4094 quo
750 4023 944 4089 Turnebus,
956 4022 1068 4089 eiusque
1080 4021 1183 4076 ambitu
1192 4023 1279 4091 vulg.

134 4128 172 4167 erc
188 4112 221 4165 B.
239 4126 273 4167 eo
290 4127 376 4180 usque
393 4111 578 4166 Mommsen
596 4110 709 4164 Hermes
720 4109 747 4163 X
758 4127 784 4179 p.
799 4112 841 4175 43,
859 4123 965 4176 quoque
976 4106 1094 4162 Reiter
1111 4124 1139 4176 p.
1150 4110 1179 4160 81
1194 4123 1234 4174 sq.
1247 4137 1281 4146 -

136 4202 167 4251 17
182 4196 279 4267 cippis]
292 4196 356 4252 add.
365 4197 437 4266 LSp.
447 4226 480 4234 —
493 4194 595 4249 circum
607 4192 728 4250 Ariciam
740 4198 768 4248 et
780 4193 890 4256 cneum]
905 4191 1107 4261 Scioppius,
1120 4191 1222 4246 emaum
1234 4207 1280 4247 ars

136 4283 235 4339 sumet
246 4280 398 4336 circeumF
411 4296 472 4335 cam
484 4279 636 4350 plerisque,
655 4278 757 4334 circum
769 4277 887 4332 areolam
899 4278 1011 4332 ardeam
1023 4280 1051 4332 et
1063 4277 1165 4334 circum
1176 4277 1208 4344 B,
1226 4276 1280 4331 eir·
