3038 5048
195 288 257 349 202
546 287 661 345 LIBER
677 287 808 346 NONUS.
843 292 988 357 §te-28.

89 460 311 540 §abeodem
342 458 438 527 modo
468 461 631 529 exoritur?
666 481 740 528 num
775 461 869 529 aliter
903 461 951 529 sol
987 481 1008 529 a
1037 461 1155 528 bruma
1189 459 1288 529 venit
1317 458 1360 528 ad

196 561 448 647 aequinoctium,
471 582 510 629 ac
532 569 657 648 contra,
687 583 758 630 cum
781 563 824 630 ad
845 562 1017 631 solstitium
1038 564 1145 646 venit,
1176 562 1225 629 ad
1246 561 1359 646 aequi·

196 665 366 733 noctialem
390 664 542 731 oircnlum
565 670 597 732 et
617 665 693 734 inde
716 665 758 732 ad
781 665 948 733 brumam?
981 686 1085 735 nonne
1113 667 1215 750 luna,
1246 672 1288 733 ut
1316 663 1356 730 ab

195 768 262 835 sole
290 764 427 833 discedit
455 766 499 832 ad
529 767 712 850 aquilonem
742 773 775 834 et
803 767 877 834 inde
904 767 988 835 redit
1012 768 1048 834 in
1076 765 1224 836 eandem
1257 765 1358 850 viam,

195 869 241 936 sie
273 868 348 936 inde
380 868 482 936 fertur
514 867 557 936 ad
589 874 730 936 austrum
760 874 792 937 et
822 869 1000 951 regreditur
1028 867 1129 937 inde?
1169 867 1244 937 Sed
1279 865 1390 953 quide

195 973 288 1057 plura
309 970 351 1038 de
372 971 482 1054 astris,
513 971 569 1038 ubi
596 969 757 1038 difficilius
786 971 954 1057 reperitur,
989 968 1066 1054 qnid
1088 970 1131 1037 sit
1152 979 1217 1039 aut
1239 970 1305 1039 dat
1326 970 1360 1037 in

196 1072 335 1139 motibus
357 1071 578 1140 dissimiliter?

89 1174 172 1255 §26
282 1180 331 1241 19.
365 1175 408 1241 At
430 1174 463 1240 in
485 1175 582 1257 mari,
616 1174 729 1259 credo,
763 1180 868 1242 motus
889 1195 953 1241 non
975 1172 1095 1239 habent
1117 1172 1359 1243 similitudines

44 1254 355 1362 ⁰·⁴³³⁸¹“¹'geminas,
390 1274 445 1359 qui
476 1275 508 1342 in
537 1276 666 1341 XXllll
699 1276 787 1344 horis
817 1277 981 1344 lunaribus
1009 1271 1127 1342 cotidie
1160 1281 1289 1357 quater
1323 1296 1361 1345 se

196 1384 334 1463 mutant,
368 1399 407 1445 ac
429 1398 501 1445 cum
522 1397 581 1444 sex
603 1376 690 1444 horis
717 1385 824 1445 aestus
855 1383 1037 1460 oraverunt,
1070 1375 1210 1445 totidem
1242 1378 1405 1447 decreto

195 1487 325 1565 verunt,
347 1499 456 1548 rursus
477 1478 580 1563 idem,
608 1479 749 1561 itemque
771 1480 813 1546 ab
835 1479 900 1546 his!
935 1498 976 1545 an
998 1478 1082 1545 hanc
1103 1477 1291 1564 analogian
1314 1480 1361 1549 ad

197 1582 281 1649 diem
308 1587 452 1667 servant,
486 1581 528 1648 ad
550 1600 691 1649 mensem
713 1602 777 1648 non
804 1584 883 1650 item
913 1582 1024 1656 alium,
1058 1584 1163 1646 motus
1193 1581 1247 1649 sic
1275 1581 1360 1650 item

197 1703 267 1751 cum
289 1684 432 1751 habeant
453 1683 534 1750 alios
555 1682 639 1751 inter
658 1703 694 1750 se
717 1685 964 1753 convenientes?
999 1682 1041 1750 de
1063 1681 1180 1764 quibus
1205 1681 1244 1750 in
1267 1682 1359 1752 libro

198 1805 292 1868 quem
315 1785 355 1852 de
376 1785 545 1852 aestuariis
566 1785 629 1852 feci
651 1785 772 1870 scripsi.

89 1886 171 1968 §27
279 1890 329 1953 20.
367 1887 441 1953 Non
468 1888 502 1953 in
532 1893 617 1953 terra
646 1887 680 1952 in
708 1887 885 1955 sationibus
913 1892 1042 1955 servata
1072 1884 1254 1967 analogia?
1295 1908 1361 1956 nec
1381 1903 1408 1955 15

42 1965 188 2021 (ΜΨ)
196 1988 373 2056 cuiusmodi
409 1989 442 2056 in
474 1988 647 2074 praeterito
682 1996 823 2076 tempore
855 1990 1012 2056 ductuum
1046 2006 1166 2072 genera
1203 1988 1359 2058 reddidit

195 2090 314 2158 similia
343 2092 376 2158 in
404 2091 566 2177 praesenti
593 2091 723 2158 reddit?
760 2099 791 2160 et
820 2090 998 2159 cuiusmodi
1024 2089 1127 2156 tritico
1155 2089 1247 2159 iacto
1278 2093 1355 2160 red-

196 2192 278 2259 didit
300 2201 442 2279 segetes,
479 2194 526 2261 sic
559 2192 658 2261 ordeo
691 2198 762 2261 sato
794 2194 999 2278 proportione
1032 2191 1174 2259 reddidit
1207 2195 1356 2278 parilis?

195 2317 259 2363 non
296 2302 332 2363 ut
369 2297 497 2382 Europa
529 2296 627 2363 habet
659 2295 792 2362 flumina
829 2295 918 2361 lacus
957 2295 1073 2361 montis
1111 2312 1265 2380 campos,
1304 2297 1358 2364 sio

195 2397 295 2465 habet
316 2396 420 2465 Asia?
1382 2410 1410 2463 11

89 2499 109 2578 ξ
131 2500 172 2563 28
281 2504 333 2566 21.
364 2501 436 2568 Non
458 2501 492 2568 in
513 2498 697 2568 volucribus
718 2498 894 2582 generatim
917 2505 1062 2566 servatur
1083 2498 1262 2582 analogia?
1285 2522 1359 2569 non

198 2621 240 2667 ex
267 2601 384 2683 aquilis
413 2602 541 2685 aquilae
572 2609 669 2685 atque
697 2605 733 2666 ut
755 2620 796 2667 ex
819 2601 919 2668 turdis
943 2600 998 2682 qui
1020 2605 1228 2685 procreantur
1252 2603 1356 2688 turdi,

196 2702 244 2769 sio
266 2725 306 2772 ex
329 2703 460 2788 reliquis
483 2705 533 2771 sui
555 2705 708 2786 cuiusque
730 2703 880 2786 generis?

282 2811 333 2873 22.
371 2808 422 2874 An
445 2807 537 2873 aliter
558 2807 620 2873 hoo
649 2805 685 2870 fit
708 2825 804 2888 quam
832 2804 865 2870 in
892 2823 968 2870 aere
995 2805 1028 2869 in
1056 2803 1163 2885 aqna?
1199 2823 1268 2869 non
1297 2804 1356 2873 hic

42 2914 186 2968 (11158111
198 2909 338 2975 conchae
374 2908 457 2976 inter
492 2926 528 2974 se
563 2907 740 2992 generatim
777 2905 1002 2973 innumerabili
1035 2924 1166 2971 numero
1200 2903 1353 2973 similes?
1376 2921 1405 2971 25

197 3029 260 3076 non
281 3009 410 3092 pisces?
440 3029 482 3075 an
505 3028 523 3074 e
544 3030 676 3077 murena
697 3009 734 3075 fit
755 3010 848 3093 lupus
871 3013 927 3074 aut
948 3007 1096 3074 merula?
1124 3026 1189 3073 non
1217 3006 1279 3074 bos
1305 3008 1353 3074 ad

280 3158 313 3213 F.
331 3158 378 3214 fol.
398 3159 457 3214 241)
476 3176 557 3229 quam
573 3161 603 3214 in
621 3176 684 3215 aere

282 3316 297 3367 2
316 3311 526 3381 aequinoctium]
545 3313 655 3368 atinde
678 3313 714 3366 ed
738 3312 884 3368 solstitium
907 3311 985 3366 addit
1003 3311 1121 3366 Christ
1137 3327 1165 3380 p.
1185 3315 1243 3365 459.
1270 3312 1352 3382 conf.

196 3400 257 3468 LSp
274 3397 371 3453 Philol.
388 3396 476 3466 XVII,
489 3401 539 3452 296
552 3414 590 3467 sq.
609 3429 644 3436 —
661 3401 704 3462 ee]
722 3413 759 3451 an
776 3396 915 3452 Laetus.
934 3427 968 3434 —
982 3389 1092 3452 ‘contra
1108 3395 1175 3466 fort.
1194 3388 1257 3451 del?
1277 3396 1350 3465 LSp.

197 3515 230 3523 —
255 3489 271 3539 4
287 3483 317 3537 in
335 3483 450 3538 eandem
467 3499 537 3536 corr.
557 3499 594 3537 erc
612 3483 649 3537 ad
666 3481 780 3537 eandem
797 3481 830 3536 F.
860 3513 890 3521 -
921 3485 936 3535 8
954 3481 1189 3536 dissimilitudines
1207 3480 1245 3549 F,
1274 3498 1350 3537 corr.

197 3569 331 3623 Miller.
359 3598 390 3607 —
418 3567 545 3623 thXlII
561 3567 595 3635 F,
614 3585 684 3623 corr.
702 3567 816 3622 Aldus.
836 3597 869 3606 -
886 3566 1038 3634 lunaribus]
1058 3565 1183 3621 cursibus
1201 3566 1351 3621 retribuite

198 3653 304 3724 aliquid
320 3653 489 3708 intercidisse
506 3653 603 3707 statuit
621 3652 747 3708 christ.
768 3682 801 3691 —
821 3657 852 3706 10
864 3656 940 3708 estus
952 3652 985 3706 F.
1003 3683 1037 3692 -
1058 3657 1086 3707 11
1100 3649 1173 3720 ‘sort
1185 3651 1251 3706 item
1263 3647 1347 3720 qnae'

197 3739 267 3808 LSp.
286 3737 364 3808 conf.
383 3737 521 3806 Madvig
537 3754 566 3806 p.
587 3742 644 3806 115,
661 3737 785 3793 Reiter
801 3754 829 3807 p.
849 3742 880 3792 19
899 3753 939 3806 sq.
958 3768 991 3776 —
1011 3741 1042 3791 12
1060 3734 1135 3808 ‘sort
1154 3729 1254 3791 serrat'
1275 3735 1349 3806 LSp.

197 3855 230 3863 —
249 3824 330 3879 aliam
346 3825 445 3886 motus]
463 3821 571 3892 scripsi,
590 3821 658 3877 alios
675 3825 765 3877 motus
783 3821 815 3875 F.
834 3822 910 3891 conf.
928 3821 1052 3878 Reiter
1067 3839 1096 3892 p.
1113 3826 1154 3876 25.
1172 3851 1204 3862 -
1224 3820 1264 3875 sic
1282 3820 1351 3876 item

198 3905 637 3973 cumhebeant10umbabeant,
664 3905 705 3960 sic
728 3905 793 3961 item
811 3905 947 3962 Milllar.
975 3902 1053 3976 ‘fort
1076 3899 1191 3962 habeat’
1213 3904 1285 3975 usp.
1314 3936 1349 3946 -

199 3992 231 4040 11
255 3991 383 4046 estuariis
409 3992 441 4047 F.
469 4023 503 4032 -
529 3989 628 4060 scripsi
652 4031 658 4044 .
678 4031 685 4044 .
705 4030 738 4045 ..
763 3989 825 4046 Non
852 3989 1056 4062 Scioppius,
1083 3992 1134 4047 oid.
1156 3991 1285 4063 praefat.
1313 4020 1349 4032 -

200 4076 231 4124 15
250 4079 374 4133 seruatur
391 4075 593 4147 Scioppius.
614 4105 645 4114 -
665 4079 695 4129 11
714 4075 813 4130 reddat
830 4079 858 4132 et
874 4077 1014 4132 Laetus.
1037 4106 1070 4114 -
1094 4079 1125 4130 18
1142 4075 1234 4133 reddit
1251 4075 1349 4144 parilis

196 4157 285 4225 vulg.
305 4192 337 4201 -
356 4165 389 4215 22
407 4160 454 4231 qui
473 4177 525 4218 om.
544 4160 601 4230 Vp.
625 4191 659 4202 —-
682 4163 714 4215 23
734 4160 790 4216 suis
807 4160 840 4230 F,
858 4177 928 4217 corr.
946 4161 1033 4228 vulg.
1050 4175 1088 4214 cx
1106 4160 1137 4214 B.
1157 4159 1194 4228 cf.
1213 4160 1348 4216 Lachm.

197 4241 233 4295 sd
249 4242 360 4301 Lucret.
379 4262 406 4314 p.
420 4251 462 4301 95.
482 4275 515 4286 -
534 4249 565 4300 26
584 4261 620 4300 an
638 4250 662 4310 e]
681 4261 747 4301 sane
764 4245 797 4314 F,
815 4262 886 4301 corr.
905 4242 1131 4314 Augustinus.
