3038 5048
248 278 288 337 aa
577 281 691 339 annu
709 282 875 352 curuans.
912 286 928 353 s
947 288 1056 340 ee-es.

246 473 304 538 per
337 457 420 525 hunc
452 457 596 523 deierare
629 461 784 541 oportere.
835 456 946 523 Aelius
976 457 1074 523 Dium
1105 455 1233 522 Fidium
1267 445 1401 524 dicebat

247 556 362 625 Diovis
383 559 493 642 lilium,
515 567 551 625 ut
572 557 686 625 Graeci
701 555 888 644 Διόσκορον
912 557 1086 641 Castorem,
1111 563 1143 624 et
1156 558 1291 642 putabat
1311 559 1398 626 hune

247 683 317 731 esse
340 663 478 729 Sancum
506 662 548 727 ab
571 661 684 727 savina
704 661 815 742 lingua
843 665 875 726 et
896 659 1066 726 Herculem
1092 681 1113 726 a
1134 680 1259 743 graeca.
1303 659 1396 728 Idem

106 765 298 831 (r·⁷³⁸r-¹)hic
319 765 462 849 Dispiter
491 763 606 831 dicitur
633 762 779 844 Infimus,
809 761 864 843 qui
895 769 943 826 est
971 762 1156 828 coniunctus
1184 768 1304 845 terrae,
1338 764 1395 829 ubi

246 867 353 934 omnia
368 867 509 933 oriuntur
530 876 566 932 ut
581 865 780 947 aboriuntur;
805 883 937 945 quorum
957 863 1043 947 quod
1064 861 1135 929 finis
1157 870 1270 948 ortum,
1293 863 1427 932 Orcusc

138 965 158 1042 ἓ
180 965 220 1026 67
244 968 357 1035 dictus.
423 967 517 1047 Quod
539 968 626 1034 Iovis
647 968 725 1032 luno
748 966 885 1032 coniunx
907 971 938 1032 et
960 965 989 1030 is
1011 966 1150 1048 caelum,
1180 965 1261 1033 haec
1282 968 1394 1050 Terra,

245 1091 327 1155 quae
351 1069 464 1136 eadem
487 1070 614 1153 Tellus,
645 1077 675 1136 et
698 1088 737 1134 ea
758 1067 860 1151 dieta,
890 1067 977 1148 quod
1004 1087 1068 1132 una
1096 1087 1166 1134 cum
1188 1069 1266 1136 Iove
1294 1069 1394 1153 iuvat,

137 1168 157 1245 ἓ
180 1168 220 1230 68
243 1175 332 1256 Iuno,
356 1180 388 1237 et
408 1172 533 1255 Regina
556 1170 641 1252 quod
664 1171 757 1236 huius
787 1170 894 1236 omnia
915 1171 1086 1236 terrestria.
1152 1170 1210 1235 Sol
1231 1171 1285 1236 vel
1307 1172 1395 1253 quod

243 1277 290 1341 ita
313 1275 439 1356 Savini,
469 1274 522 1339 vel
551 1269 657 1358 [quod]
679 1274 766 1338 solus
789 1272 835 1337 ita
857 1272 955 1354 lucet,
979 1279 1014 1337 ut
1036 1292 1077 1338 ex
1103 1292 1141 1339 eo
1165 1273 1225 1339 deo
1249 1272 1319 1339 dies
1340 1275 1392 1338 sit.

243 1379 335 1443 Luna
358 1372 432 1461 [vel]
463 1374 549 1457 quod
571 1376 641 1440 sola
663 1375 748 1440 lucet
776 1381 880 1439 noctu.
924 1374 1033 1456 itaque
1055 1392 1095 1440 ea
1117 1374 1203 1440 dieta
1224 1373 1395 1440 Noctiluca
1419 1385 1448 1434 ro
1495 1367 1497 1370 ⁴

244 1481 276 1545 in
291 1479 433 1562 Palati03
455 1498 529 1543 nam
544 1477 590 1542 ibi
614 1486 707 1542 noctu
723 1477 808 1540 lucet
822 1475 984 1557 templum.
1023 1475 1106 1540 hanc
1120 1482 1155 1541 ut
1170 1476 1278 1542 Solem
1293 1477 1393 1561 Apol·

106 1589 135 1639 o·
144 1589 170 1629 ⁷⁴
179 1586 235 1638 ⁸9³>
245 1582 342 1647 linem
365 1578 496 1663 quidam
518 1579 656 1644 Dianam
678 1584 811 1660 vocant,
844 1578 1004 1661 Apollinis
1026 1578 1218 1645 vocabulum
1241 1598 1393 1661 graecum

245 1679 418 1768 [alterum],
440 1683 574 1748 alterum
597 1681 745 1762 latinum3
777 1684 809 1746 et
831 1678 904 1745 hinc
927 1680 1013 1762 quod
1038 1680 1114 1745 luna
1134 1679 1168 1746 in
1190 1682 1393 1748 altitudinem

244 1793 275 1851 et
297 1785 500 1852 latitudinem
522 1783 616 1848 simul
637 1783 671 1864 it,
699 1783 839 1848 Diviana
860 1783 1033 1866 appellata.
1078 1781 1160 1848 Hinc
1181 1782 1393 1865 Epicharmus

329 2024 341 2073 1
362 2019 457 2073 Aelius
476 2017 570 2072 Gallus
589 2017 673 2086 vulg.
692 2034 730 2072 esc
747 2018 779 2071 Β.
798 2046 832 2055 -
857 2015 942 2070 fidum
959 2017 1019 2084 Fp.
1039 2045 1071 2052 -
1099 2017 1114 2067 2
1131 2016 1205 2084 greci
1223 2017 1255 2070 F.
1275 2049 1308 2058 —
1333 2018 1392 2074 dio·

242 2119 341 2158 scoron
358 2103 391 2171 F,
410 2104 557 2158 dioscuron
574 2104 607 2170 B,
625 2100 792 2175 Διόσκουρον
809 2101 896 2169 vulg.
916 2132 949 2139 —
975 2101 1100 2168 putabat]
1117 2100 1283 2171 Pncoius,
1310 2108 1391 2172 puta·

242 2189 310 2244 baut
327 2188 420 2242 libri.
439 2220 473 2227 -
500 2191 515 2240 3
534 2189 661 2251 Sancum]
680 2187 853 2255 Scaliger,
880 2186 999 2254 Sangum
1016 2187 1244 2255 Augustinus,
1266 2192 1392 2243 sanctum

240 2274 332 2328 libri.
351 2305 384 2312 —
403 2274 437 2327 ab
456 2273 554 2327 sauina
571 2273 725 2338 Flicrosl,
743 2274 800 2340 Vp.
820 2303 851 2310 —
876 2271 913 2338 et]
929 2271 1000 2340 fort.
1019 2275 1057 2325 ut.
1079 2302 1109 2309 —
1135 2275 1151 2323 4
1168 2271 1299 2340 Dispiter]
1318 2273 1391 2342 LSp,

240 2359 300 2413 dies
317 2362 397 2428 pater
414 2357 502 2426 FVp,
529 2358 662 2427 diespiter
679 2357 804 2424 ceteri,
831 2357 881 2411 Dis
898 2359 979 2426 pater
995 2356 1127 2410 Mitller.
1156 2387 1189 2396 -
1215 2356 1325 2412 infimus
1343 2373 1393 2412 aer

240 2444 287 2513 qui
305 2445 393 2512 vulg.
412 2460 449 2498 ccc
467 2444 499 2497 B.
518 2473 552 2481 —
571 2449 585 2498 5
605 2444 703 2509 omnia]
722 2441 801 2513 ‘fort
820 2445 910 2498 omnia
928 2437 1009 2513 quae'
1031 2441 1102 2510 LSp.
1120 2473 1154 2480 —
1178 2447 1218 2507 ut]
1235 2443 1343 2513 sagaci,
1361 2443 1391 2496 ni

238 2529 338 2593 libri,
366 2545 418 2582 om.
438 2528 637 2598 Scioppius.
673 2528 764 2583 omnia
789 2531 820 2582 ut
847 2530 972 2583 oriuntur
999 2529 1037 2582 ita
1064 2529 1229 2583 aboriuntur
1248 2528 1390 2596 Mulier,

241 2613 332 2668 omnia
350 2613 512 2667 oboriuntur
529 2628 599 2682 quae
618 2612 744 2668 oriuntur
756 2613 877 2668 Reiter
889 2618 992 2683 quaest.
1002 2632 1030 2685 p.
1042 2619 1073 2668 40
1083 2618 1145 2685 etp.
1159 2618 1216 2669 106.
1228 2643 1263 2652 —
1282 2617 1390 2668 ortuum

239 2697 679 2767 LspctMadvigAdv.11‚1cv‚
696 2698 746 2754 secl
760 2699 836 2768 conf.
852 2698 890 2752 cd
903 2699 1004 2753 tribum
1021 2702 1095 2767 §563
1113 2699 1389 2767 ortusM,Laetus.

239 2797 325 2850 quare
343 2783 416 2850 quod
432 2783 496 2837 finis
515 2785 590 2838 ortus
608 2783 732 2839 Reiter
748 2801 777 2854 p.
796 2789 838 2838 40.
863 2815 896 2823 -
923 2788 1014 2847 orcus]
1034 2783 1215 2839 Turnebus
1233 2799 1271 2838 ecc
1288 2783 1389 2838 codice.

238 2868 268 2920 c'a
286 2882 304 2935 p
322 2867 426 2922 scilicet
443 2872 532 2923 ortum
550 2874 626 2923 ortus
643 2870 684 2923 sic
700 2872 832 2941 saraptam
850 2877 898 2935 est,
915 2874 969 2924 att
986 2885 1023 2923 cc
1042 2884 1057 2922 c
1074 2869 1110 2922 sit
1127 2870 1241 2924 nescias.
1269 2872 1345 2924 ortus
1364 2868 1388 2922 F

239 2967 300 3006 cum
319 2954 422 3007 cctcrc's.
441 2983 475 2992 -
493 2957 508 3006 6
526 2953 598 3008 Iovis
610 2953 689 3018 Iuno]
708 2949 798 3008 ‘immo
815 2955 885 3009 Iuno
897 2954 968 3009 Iovis
986 2953 1030 3008 ccl
1045 2953 1114 3007 Iuno
1132 2953 1205 3022 quod
1222 2948 1305 3008 Iovis’
1317 2953 1388 3022 LSp.

238 3053 275 3090 ca
293 3034 346 3091 dcl.
364 3037 453 3091 Iuno?
470 3068 503 3077 -
528 3042 541 3090 7
560 3054 631 3106 quae
648 3040 744 3094 eadem
761 3039 852 3103 tellus]
870 3035 928 3092 ‘car
945 3037 1042 3093 addito
1058 3039 1115 3092 sicci
1131 3054 1188 3092 coa
1205 3033 1295 3093 vidco’
1315 3038 1386 3106 LSp,

237 3128 265 3177 ct
283 3121 370 3176 Terra
387 3128 415 3176 ct
432 3120 525 3177 Tellus
543 3125 655 3177 aomina
668 3124 789 3196 propria
806 3128 884 3187 scat,
908 3122 981 3177 cclcc
997 3122 1031 3177 R.
1050 3123 1083 3177 R.
1101 3123 1124 3191 I,
1144 3128 1168 3192 1,
1186 3129 1215 3178 5:
1233 3123 1386 3194 primum..

237 3208 329 3262 Iovem
347 3210 376 3261 et
394 3207 539 3261 Tellurem.
558 3237 591 3247 -
610 3212 638 3263 et
656 3208 698 3277 cu]
716 3204 795 3279 ‘fort
815 3203 858 3262 ea'
879 3207 950 3276 LSp.
968 3239 1001 3248 -
1021 3212 1036 3263 8
1054 3211 1123 3264 haec
1141 3208 1231 3263 omnia
1246 3208 1388 3263 terrestria

236 3292 307 3361 regit
323 3293 411 3361 vulg.
430 3308 468 3346 ca
484 3293 517 3346 Β.
535 3323 569 3331 -
596 3293 645 3357 sol]
663 3295 703 3360 M,
721 3295 862 3358 Laetus,
890 3293 1057 3349 sclalibri.
1086 3325 1117 3332 —
1147 3292 1280 3357 basuini]
1298 3293 1387 3361 svp,

236 3376 326 3431 sabini
344 3378 463 3431 ceteri.
481 3407 515 3415 -
533 3379 614 3447 qnod]
634 3378 698 3432 cdd.
717 3378 805 3448 vulg.
824 3395 861 3433 ecc
871 3379 904 3445 B,
924 3395 976 3432 om.
995 3378 1087 3432 libri.
1106 3408 1139 3416 -
1161 3379 1244 3442 solus]
1263 3378 1385 3448 Sciop-

235 3461 315 3530 pius
323 3502 331 3530 ,
350 3462 436 3518 solum
449 3462 543 3517 libri.
571 3463 746 3518 Firmicus
758 3464 796 3519 M.
811 3464 844 3518 de
854 3479 946 3518 errore
958 3463 1028 3533 prof.
1039 3463 1087 3518 rel.
1098 3479 1125 3532 p.
1137 3465 1274 3518 23·Burs.:
1292 3458 1386 3518 ‘solem

236 3546 291 3600 dici
309 3547 454 3602 voluerunt
476 3564 533 3603 non
555 3548 619 3617 quia
642 3550 716 3605 solus
740 3554 796 3617 est,
823 3553 855 3603 ut
871 3549 981 3617 quidam
1005 3549 1100 3605 volunt
1119 3591 1125 3603 .
1145 3590 1152 3604 .
1171 3590 1177 3603 .
1197 3549 1246 3604 sed
1262 3549 1324 3605 ideo
1343 3547 1385 3602 sol

237 3631 400 3700 appellatur,
419 3633 483 3701 quia
495 3650 556 3688 oum
569 3638 644 3689 ortus
658 3634 742 3689 luerit
755 3634 907 3689 obscuratis
920 3634 1019 3688 ceteris
1032 3635 1175 3705 sideribus,
1194 3637 1287 3690 luceat
1298 3631 1380 3688 solus.

236 3715 317 3770 Luna
334 3732 351 3770 a
368 3723 502 3773 nocturno
520 3718 621 3773 lumine
638 3736 736 3774 nomen
755 3715 883 3788 accepit'
904 3751 935 3758 —
963 3720 1022 3784 deo]
1041 3737 1094 3775 orn.
1112 3721 1197 3790 vulg.
1217 3752 1250 3760 —
1279 3723 1309 3774 10
1327 3716 1381 3782 uel]

235 3816 287 3854 om.
297 3802 420 3869 Aldus3
439 3803 512 3864 coos.
524 3803 553 3858 0.
564 3803 596 3857 F.
606 3804 651 3858 W.
660 3804 827 3873 Mulierp.
839 3806 896 3858 867.
915 3803 940 3858 εἰ
951 3804 1020 3875 qaid
1030 3806 1176 3871 intercidit,
1190 3804 1285 3860 ludas.-
1302 3802 1384 3857 Luna

234 3885 278 3939 vel
296 3887 368 3954 quod
384 3887 520 3942 interdius
539 3904 601 3943 cnm
620 3889 677 3943 sole
694 3888 770 3943 lucet
786 3890 829 3943 vel
847 3889 919 3958 quod
931 3889 998 3944 sola.
1008 3921 1042 3930 —
1060 3892 1127 3956 sola]
1144 3887 1225 3945 ‘mclc
1237 3889 1382 3961 repetitum

234 3968 353 4024 vidctar'
365 3973 436 4043 LSp,
455 4004 489 4012 -
508 3979 536 4028 11
557 3977 641 4029 noctu
658 3973 741 4038 lucet]
759 3973 922 4029 Noctilucae
939 3976 973 4028 A.
984 3974 1190 4031 RiesePhilol.
1199 3974 1313 4042 XXVII,
1323 3976 1382 4026 305.

233 4083 268 4094 —
288 4058 318 4108 12
335 4055 472 4125 Apollinis
489 4057 542 4113 dcl.
562 4058 762 4128 Scioppius,
780 4058 918 4114 Mt'rller.
931 4091 964 4099 -
982 4077 1093 4130 grecum
1109 4060 1185 4113 R-
1205 4063 1236 4113 13
1255 4055 1382 4124 alterum]

233 4138 285 4194 dcl.
303 4139 494 4198 Victorius.
513 4174 547 4183 -
567 4148 597 4198 14
614 4144 645 4209 it]
666 4143 736 4213 LSp,
754 4144 829 4212 quod
845 4146 884 4200 eit
900 4144 984 4201 scribi
994 4151 1097 4216 potest,
1116 4147 1161 4198 eat
1178 4142 1381 4213 Scioppius,

233 4228 261 4279 et
283 4224 386 4293 libri,
414 4244 466 4281 om.
491 4228 633 4285 Laetus.
661 4260 694 4269 -
720 4228 845 4294 Diviana]
870 4231 992 4287 Isidorus
1015 4246 1043 4299 p.
1062 4231 1126 4283 276:
1152 4225 1278 4282 ‘Dianam
1302 4225 1380 4297 quasi
