3060 5048
573 288 687 344 LIBER
703 288 875 345 DECIMUS.
911 291 1053 357 §at-34.
1319 288 1379 356 247,

240 463 402 548 analogia,
434 460 468 528 in
494 460 555 528 hoc
584 460 666 527 libro
695 461 788 546 plura
817 460 922 528 dieere
949 480 1080 528 neeesse
1103 457 1184 548 [aaa]
1209 468 1266 528 est.
1325 459 1380 529 Se·
1404 465 1424 545 ξ
1446 465 1484 528 31

241 565 377 631 cundum
398 582 498 649 genus
520 581 602 645 quae
624 562 724 629 verba
753 569 897 646 tempora
924 563 1045 630 habent
1072 582 1177 644 neque
1205 583 1305 631 casus.
1345 563 1382 630 si

239 666 359 732 habent
379 684 550 749 personas,
583 685 692 731 eorum
721 662 937 731 declinatuum
965 664 1089 748 species
1117 671 1190 732 sunt
1211 684 1284 750 sex,
1318 686 1382 732 una

241 787 323 849 quae
345 766 458 833 dicitur
480 766 663 851 temporalis
693 773 727 832 ut
749 767 912 851 Legebam
933 765 1125 851 Gemebam,
1158 767 1246 851 Lego
1269 765 1381 853 Gemo,

203 883 218 930 s
241 868 343 935 altera
363 888 570 954 personarum
592 875 627 934 ut
648 868 728 935 Sero
750 870 850 951 Meto,
881 867 968 935 Seris
990 868 1100 951 Metis,
1130 868 1224 935 tertia
1246 869 1382 953 rogandi

239 975 274 1034 ut
289 970 464 1038 Scribone?
486 970 638 1054 Legone?
654 970 837 1038 Scribisue‘l
853 970 1016 1051 Legisne?
1038 977 1152 1052 quarta
1166 970 1382 1056 respondendi

239 1080 273 1139 ut
294 1073 396 1155 Fingo
422 1071 539 1155 Pingo,
572 1073 682 1158 Fingis
711 1071 835 1156 Pingis3
871 1072 982 1154 quinta
1010 1071 1143 1156 optandi
1171 1080 1206 1139 ut
1233 1072 1382 1139 Dicerem

237 1175 406 1257 Facerem,
438 1174 553 1240 Dicam
581 1174 728 1258 Faciam3
762 1181 855 1242 sexta
886 1174 1066 1259 imperandi
1098 1179 1132 1240 ut
1165 1173 1252 1258 Oape
1282 1175 1380 1258 Rape,

239 1275 352 1360 Capito
374 1275 498 1360 Rapito.
550 1276 631 1342 Item
653 1280 726 1343 sunt
747 1275 964 1343 declinatuum
985 1276 1109 1362 speeies
1130 1276 1279 1358 quattuor
1300 1295 1383 1358 quae
1404 1279 1424 1358 ἕ
1446 1282 1487 1344 32

187 1389 217 1440 11
238 1383 381 1462 tempora
416 1378 536 1445 habent
571 1379 639 1445 sine
675 1377 835 1462 personis,
871 1379 904 1444 in
939 1377 1082 1462 rogando
1116 1383 1151 1444 ut
1182 1377 1380 1444 Foditurnc?

238 1479 425 1546 Seriturue?
451 1485 483 1547 et
503 1478 722 1546 Fodieturne‘?
753 1478 945 1547 Seretume?
975 1479 1016 1546 ab
1038 1478 1252 1564 respondendi
1274 1479 1380 1564 specie
1389 1494 1524 1549 comer-¹

238 1581 371 1648 eaedem
407 1579 528 1666 figurae
564 1580 643 1647 fiunt
679 1582 830 1648 extremis
872 1581 1006 1666 syllabis
1048 1579 1203 1666 demptis,
1248 1581 1380 1667 optandi

237 1682 361 1766 species
389 1688 425 1747 ut
445 1683 579 1749 Vivatur
600 1684 747 1773 Ametur,
779 1683 948 1750 Viveretur
975 1684 1153 1751 Amaretur.
1197 1682 1381 1769 Imperaudi

238 1784 415 1851 declinatus
443 1785 563 1866 sintne,
600 1784 698 1850 habet
728 1784 958 1850 dubitationem
991 1790 1024 1851 et
1053 1805 1161 1851 eorum
1190 1785 1272 1851 sitne
1300 1785 1381 1852 haec

186 1896 216 1947 11
236 1887 317 1952 ratio
347 1887 480 1952 Paretur
508 1885 682 1969 Pugnetur,
712 1887 824 1952 Parari
851 1887 1000 1968 Pugnari.
1057 1885 1222 1955 Accedunt
1251 1886 1293 1953 ad
1322 1886 1381 1953 has
1403 1891 1423 1971 ᾗ
1446 1893 1486 1956 33

238 1987 361 2070 species
383 2008 404 2053 a
425 1987 546 2071 copulis
569 1985 761 2053 divisionum
784 1988 963 2070 quadrinis,
986 1988 1028 2054 ab
1051 1988 1160 2055 inlecti
1183 1996 1215 2055 et
1236 1987 1380 2073 perlecti,

237 2090 318 2154 Emo
344 2087 431 2173 Edo,
463 2088 535 2154 Emi
567 2087 642 2171 Edi3
677 2089 718 2154 ab
747 2089 845 2155 semel
875 2093 907 2154 et
935 2090 1063 2173 saepius
1091 2094 1127 2154 ut
1148 2089 1261 2157 Scribo
1283 2090 1382 2172 Lego,

238 2191 423 2275 Scriptitavi
446 2189 616 2274 Lectitavi3
640 2189 779 2256 faciendi
801 2196 833 2256 et
854 2189 998 2274 patiendi
1020 2195 1055 2256 ut
1076 2191 1142 2258 Uro
1165 2191 1276 2274 Ungo,
1299 2190 1383 2256 Uror

237 2293 363 2376 Ungor3
401 2313 422 2358 a
443 2291 597 2377 singulari
620 2299 652 2358 et
675 2291 886 2359 multitudinis
912 2298 948 2358 ut
969 2289 1081 2359 Laudo
1104 2290 1221 2376 (luipo,
1254 2291 1381 2358 Lauda·

185 2405 215 2455 20
236 2415 306 2462 mus
335 2395 519 2479 culpamus.
570 2392 672 2460 Huius
699 2395 828 2478 generis
856 2393 1026 2461 verborum
1054 2394 1143 2461 cuius
1174 2393 1298 2478 species
1327 2413 1381 2459 ex-

235 2495 329 2582 posui
351 2515 446 2576 quam
468 2497 533 2561 late
556 2495 696 2578 quidque
723 2502 835 2580 pateat
857 2503 889 2563 et
911 2495 1088 2563 cuiusmodi
1110 2495 1227 2562 efficiat
1252 2494 1380 2578 figuras,

235 2598 387 2664 inlibris
415 2599 471 2679 qui
499 2597 540 2664 de
568 2598 711 2665 formulis
727 2599 910 2689 ¹uerborum
943 2604 1034 2664 erunt
1066 2597 1252 2682 diligentius
1284 2616 1380 2682 expe·

236 2699 349 2766 dictur.
407 2698 509 2766 Tertii
536 2699 662 2781 generis
691 2694 773 2781 quae
801 2699 1001 2766 declinantur
1031 2719 1102 2764 cum
1125 2700 1320 2784 temporibus
1343 2719 1381 2767 ac
1402 2703 1422 2783 ξ
1444 2703 1486 2766 34

237 2801 363 2867 casibus
385 2821 424 2868 ae
445 2807 599 2868 vocantur
621 2821 641 2867 a
663 2801 770 2868 multis
792 2801 865 2869 ideo
885 2800 1090 2887 participalia
1111 2807 1184 2867 suut
1204 2802 1266 2867 hoo
1286 2816 1524 2883 ge...(r.⁶6⁴sr·¹

320 3021 352 3075 F.
371 3018 418 3074 fol.
438 3022 467 3073 31
479 3020 506 3074 b.
525 3020 620 3088 quinta
639 3059 645 3072 .
666 3060 671 3073 .

324 3230 334 3277 1
362 3229 426 3289 non]
454 3224 516 3280 add.
534 3224 621 3293 vulg.
640 3229 703 3280 anta
728 3240 841 3280 necesse
862 3223 999 3296 positum,
1025 3239 1077 3277 om.
1106 3223 1178 3279 11111.
1204 3254 1238 3264 -
1266 3227 1281 3276 2
1302 3221 1381 3293 ‘fort

236 3309 319 3364 verba
337 3303 419 3376 quae'
437 3309 508 3378 LSp.
528 3340 561 3348 —
579 3310 611 3374 si]
630 3309 678 3363 sed
695 3308 785 3378 vulg.
809 3339 842 3348 —
866 3312 881 3362 3
901 3308 1114 3364 declinationum
1132 3308 1170 3362 Η1
1188 3308 1329 3363 Laetus.
1348 3338 1382 3348 -

236 3394 333 3461 dlegol
350 3393 412 3459 logo
431 3392 463 3446 F.
481 3424 515 3433 -
533 3394 774 3449 9declinationum
791 3412 819 3464 p,
837 3393 1033 3449 declinationes
1052 3393 1084 3448 G.
1103 3423 1136 3432 —
1154 3392 1269 3463 species]
1286 3397 1382 3462 partes

237 3476 305 3531 GH.
332 3506 365 3515 —
393 3479 422 3530 11
443 3491 476 3531 ae
501 3478 686 3546 respondendi
712 3478 848 3534 Mulier.
877 3508 909 3518 -
938 3482 969 3532 12
988 3477 1097 3548 Opandi
1119 3478 1152 3532 F.
1179 3508 1212 3517 -
1241 3481 1273 3530 14
1291 3478 1381 3534 sintne

236 3562 328 3629 habet]
346 3560 446 3628 vulg,
469 3576 528 3615 sum
545 3577 581 3616 ne
598 3563 701 3618 habent
717 3564 748 3616 F.
774 3593 807 3602 —
829 3564 899 3618 sitne
917 3565 996 3628 haec]
1014 3562 1113 3630 vulg,
1136 3562 1191 3617 sint
1208 3577 1243 3616 ne
1260 3564 1329 3616 haec
1347 3562 1380 3616 F.

236 3677 270 3685 -
299 3650 329 3701 15
353 3641 455 3700 ‘amare
481 3639 636 3713 pugnarel'
662 3646 734 3717 LSp.
761 3676 795 3686 -
817 3641 899 3718 ‘fort
926 3649 977 3702 has
1003 3646 1075 3702 aliae
1100 3640 1220 3717 species'
1246 3647 1317 3717 LSp.
1348 3677 1382 3687 -

239 3736 270 3787 16
283 3726 364 3802 ‘fort
390 3728 507 3800 perfecti
530 3733 561 3784 ut
584 3723 657 3784 emc'
683 3731 753 3800 LSp.
780 3761 815 3771 -
842 3737 872 3786 11
892 3732 965 3802 sepis
982 3733 1015 3787 F.
1043 3762 1076 3770 —
1104 3734 1134 3785 18
1149 3725 1228 3799 ‘fort
1256 3731 1381 3800 scriptito

236 3811 345 3873 lectito'
363 3816 435 3886 LSp.
454 3845 488 3854 -
504 3809 581 3884 ‘fort
599 3831 617 3871 a
634 3809 768 3870 iaciendi'
786 3815 857 3888 LSp.
876 3849 916 3877 —.
935 3822 966 3873 19
983 3813 1061 3887 ‘fort
1081 3808 1240 3885 singularis'
1257 3816 1329 3885 LSp.
1348 3846 1382 3856 -

238 3908 271 3957 20
289 3901 385 3972 quoius
405 3900 470 3955 GH.
488 3930 521 3938 -
541 3903 571 3953 21
585 3901 756 3968 quoiusmodi
774 3902 807 3958 G.
825 3934 859 3942 —
877 3906 909 3957 13
922 3907 1000 3972 quae]
1018 3897 1094 3971 ‘fort
1114 3917 1182 3970 quae
1200 3894 1296 3956 rerba‘
1308 3900 1381 3972 LSp.

236 4018 271 4027 -
288 3990 323 4041 24
340 3984 525 4057 participialia
539 3999 566 4053 p.
593 4016 626 4024 —
652 3988 693 4054 ge]
711 3986 753 4040 sic
770 3985 793 4040 F
816 3991 885 4052 (cum
908 3987 1023 4053 ceteris).
1047 3987 1154 4055 reliqua
1171 3986 1297 4058 popinae
1309 4003 1383 4058 pars

237 4076 265 4125 et
284 4072 421 4142 proxima
441 4069 550 4142 papiam
577 4074 635 4125 tota
660 4086 763 4126 vacuae
785 4071 897 4127 relictae
919 4077 990 4126 sunt.
1014 4071 1059 4126 hic
1082 4072 1182 4126 desunt
1204 4070 1273 4126 lolia
1289 4070 1330 4125 III
1352 4071 1383 4125 in

238 4155 385 4224 exemplari
404 4155 427 4209 F
449 4155 477 4209 in
503 4171 589 4227 uturp.
607 4171 705 4224 genere
726 4155 998 4225 Rholandellus,
1024 4159 1077 4212 lrce
1101 4160 1143 4211 est
1165 4157 1279 4225 gerundi
1296 4157 1382 4226 vulg.

231 4230 314 4307 ‘fort
331 4233 430 4308 genus’
447 4239 517 4311 usp.
