<?xml version="1.0" encoding="UTF-8"?>
<!DOCTYPE html PUBLIC "-//W3C//DTD XHTML 1.0 Transitional//EN"
    "http://www.w3.org/TR/xhtml1/DTD/xhtml1-transitional.dtd">
<html xmlns="http://www.w3.org/1999/xhtml" xml:lang="en" lang="en">
 <head>
  <title>
</title>
<meta http-equiv="Content-Type" content="text/html;charset=utf-8" />
  <meta name='ocr-system' content='tesseract 3.04.00' />
  <meta name='ocr-capabilities' content='ocr_page ocr_carea ocr_par ocr_line ocrx_word'/>
</head>
<body>
  <div class='ocr_page' id='page_1' title='image "./mterentivarroni00varrgoog/mterentivarroni00varrgoog_0093.png"; bbox 0 0 3038 5048; ppageno 0'>
   <div class='ocr_carea' id='block_1_1' title="bbox 258 298 899 356">
    <p class='ocr_par' dir='ltr' id='par_1_1' title="bbox 258 298 899 356">
     <span class='ocr_line' id='line_1_1' title="bbox 258 298 899 356; baseline -0.008 0"><span class='ocrx_word' id='word_1_1' title='bbox 258 315 360 356; x_wconf 77' lang='lat' dir='ltr'><strong>nxxxn</strong></span> <span class='ocrx_word' id='word_1_2' title='bbox 763 298 899 352; x_wconf 87' lang='lat' dir='ltr'><strong>Praelatio.</strong></span> 
     </span>
    </p>
   </div>
   <div class='ocr_carea' id='block_1_2' title="bbox 190 475 1440 1814">
    <p class='ocr_par' dir='ltr' id='par_1_2' title="bbox 258 475 684 637">
     <span class='ocr_line' id='line_1_2' title="bbox 465 475 684 532; baseline -0.009 0"><span class='ocrx_word' id='word_1_3' title='bbox 465 475 569 532; x_wconf 80' lang='lat' dir='ltr'><strong>Contra</strong></span> <span class='ocrx_word' id='word_1_4' title='bbox 592 476 684 531; x_wconf 82' lang='lat' dir='ltr'><strong>tueri?</strong></span> 
     </span>
     <span class='ocr_line' id='line_1_3' title="bbox 258 559 424 637; baseline -0.012 -18"><span class='ocrx_word' id='word_1_5' title='bbox 258 571 304 619; x_wconf 84' lang='lat' dir='ltr'><strong>aut</strong></span> <span class='ocrx_word' id='word_1_6' title='bbox 325 559 345 637; x_wconf 62' lang='grc' dir='ltr'>ἓ</span> <span class='ocrx_word' id='word_1_7' title='bbox 369 565 424 621; x_wconf 83' lang='lat'><strong>53:</strong></span> 
     </span>
    </p>

    <p class='ocr_par' dir='ltr' id='par_1_3' title="bbox 258 645 1407 892">
     <span class='ocr_line' id='line_1_4' title="bbox 462 645 1193 717; baseline -0.001 -16"><span class='ocrx_word' id='word_1_8' title='bbox 462 647 515 701; x_wconf 83' lang='lat' dir='ltr'><strong>risi</strong></span> <span class='ocrx_word' id='word_1_9' title='bbox 538 651 642 717; x_wconf 78' lang='lat' dir='ltr'><strong>egomet</strong></span> <span class='ocrx_word' id='word_1_10' title='bbox 664 660 769 700; x_wconf 86' lang='lat' dir='ltr'><strong>mecum</strong></span> <span class='ocrx_word' id='word_1_11' title='bbox 791 645 998 701; x_wconf 69' lang='lat' dir='ltr'><strong><em>cassabundum</em></strong></span> <span class='ocrx_word' id='word_1_12' title='bbox 1019 645 1062 699; x_wconf 83' lang='lat' dir='ltr'><strong>c&#39;re</strong></span> <span class='ocrx_word' id='word_1_13' title='bbox 1085 646 1193 702; x_wconf 84' lang='lat' dir='ltr'><strong>ebrium</strong></span> 
     </span>
     <span class='ocr_line' id='line_1_5' title="bbox 258 728 1407 805; baseline 0.002 -18"><span class='ocrx_word' id='word_1_14' title='bbox 258 749 309 805; x_wconf 92' lang='lat' dir='ltr'><strong>pro</strong></span> <span class='ocrx_word' id='word_1_15' title='bbox 332 731 534 802; x_wconf 76' lang='lat' dir='ltr'><strong>cdsobundum,</strong></span> <span class='ocrx_word' id='word_1_16' title='bbox 559 731 668 804; x_wconf 91' lang='lat' dir='ltr'><strong>dequo</strong></span> <span class='ocrx_word' id='word_1_17' title='bbox 693 739 779 787; x_wconf 88' lang='lat' dir='ltr'><strong>tamen</strong></span> <span class='ocrx_word' id='word_1_18' title='bbox 804 729 925 786; x_wconf 89' lang='lat' dir='ltr'><strong>dubitare</strong></span> <span class='ocrx_word' id='word_1_19' title='bbox 946 728 1022 796; x_wconf 82' lang='lat' dir='ltr'><strong>licet3</strong></span> <span class='ocrx_word' id='word_1_20' title='bbox 1054 747 1114 786; x_wconf 92' lang='lat' dir='ltr'><strong>nam</strong></span> <span class='ocrx_word' id='word_1_21' title='bbox 1138 731 1240 787; x_wconf 89' lang='lat' dir='ltr'><strong>inserto</strong></span> <span class='ocrx_word' id='word_1_22' title='bbox 1263 731 1407 795; x_wconf 90' lang='lat' dir='ltr'><strong>vocabulo,</strong></span> 
     </span>
     <span class='ocr_line' id='line_1_6' title="bbox 259 814 1343 892; baseline 0 -20"><span class='ocrx_word' id='word_1_23' title='bbox 259 817 333 891; x_wconf 91' lang='lat' dir='ltr'><strong>quod</strong></span> <span class='ocrx_word' id='word_1_24' title='bbox 356 816 521 872; x_wconf 89' lang='lat' dir='ltr'><strong>accusativus</strong></span> <span class='ocrx_word' id='word_1_25' title='bbox 544 815 647 880; x_wconf 83' lang='lat' dir='ltr'><strong>suadet,</strong></span> <span class='ocrx_word' id='word_1_26' title='bbox 670 814 792 888; x_wconf 82' lang='lat' dir='ltr'><strong>vulgares</strong></span> <span class='ocrx_word' id='word_1_27' title='bbox 815 816 919 871; x_wconf 89' lang='lat' dir='ltr'><strong>numeri</strong></span> <span class='ocrx_word' id='word_1_28' title='bbox 939 814 1128 872; x_wconf 90' lang='lat' dir='ltr'><strong>restituuntur.</strong></span> <span class='ocrx_word' id='word_1_29' title='bbox 1174 817 1221 874; x_wconf 93' lang='lat' dir='ltr'><strong>sed</strong></span> <span class='ocrx_word' id='word_1_30' title='bbox 1243 814 1263 892; x_wconf 63' lang='grc' dir='ltr'>ξ</span> <span class='ocrx_word' id='word_1_31' title='bbox 1287 820 1343 875; x_wconf 82' lang='lat'><strong>31:</strong></span> 
     </span>
    </p>

    <p class='ocr_par' dir='ltr' id='par_1_4' title="bbox 547 886 1440 972">
     <span class='ocr_line' id='line_1_7' title="bbox 547 886 1440 972; baseline 0 -17"><span class='ocrx_word' id='word_1_32' title='bbox 547 907 626 956; x_wconf 86' lang='lat' dir='ltr'><strong>oetua</strong></span> <span class='ocrx_word' id='word_1_33' title='bbox 648 901 752 972; x_wconf 76' lang='lat' dir='ltr'><strong>adagio</strong></span> <span class='ocrx_word' id='word_1_34' title='bbox 776 907 829 964; x_wconf 88' lang='lat' dir='ltr'><strong>cst,</strong></span> <span class='ocrx_word' id='word_1_35' title='bbox 854 916 869 954; x_wconf 96' lang='lat' dir='ltr'><strong><em>o</em></strong></span> <span class='ocrx_word' id='word_1_36' title='bbox 892 898 925 954; x_wconf 89' lang='grc' dir='ltr'><strong>Ρ.</strong></span> <span class='ocrx_word' id='word_1_37' title='bbox 948 898 1044 972; x_wconf 78' lang='lat' dir='ltr'><strong><em>Scipio</em></strong></span> <span class='ocrx_word' id='word_1_38' title='bbox 1437 886 1440 904; x_wconf 66' lang='lat'><strong>⁴</strong></span> 
     </span>
    </p>

    <p class='ocr_par' dir='ltr' id='par_1_5' title="bbox 190 984 1410 1814">
     <span class='ocr_line' id='line_1_8' title="bbox 214 984 1408 1059; baseline 0 -15"><span class='ocrx_word' id='word_1_39' title='bbox 214 1014 219 1025; x_wconf 91' lang='lat'><strong>·</strong></span> <span class='ocrx_word' id='word_1_40' title='bbox 257 985 304 1044; x_wconf 94' lang='lat' dir='ltr'><strong>ubi</strong></span> <span class='ocrx_word' id='word_1_41' title='bbox 331 984 418 1059; x_wconf 75' lang='lat' dir='ltr'><strong>Bergk</strong></span> <span class='ocrx_word' id='word_1_42' title='bbox 448 985 526 1041; x_wconf 88' lang='lat' dir='ltr'><strong>dicit:</strong></span> <span class='ocrx_word' id='word_1_43' title='bbox 565 1003 647 1058; x_wconf 84' lang='lat' dir='ltr'><strong>„man</strong></span> <span class='ocrx_word' id='word_1_44' title='bbox 676 1002 749 1041; x_wconf 91' lang='lat' dir='ltr'><strong>muss</strong></span> <span class='ocrx_word' id='word_1_45' title='bbox 777 993 817 1041; x_wconf 85' lang='lat' dir='ltr'><strong>cst</strong></span> <span class='ocrx_word' id='word_1_46' title='bbox 846 984 994 1040; x_wconf 76' lang='lat' dir='ltr'><strong><em>obscurior</em></strong></span> <span class='ocrx_word' id='word_1_47' title='bbox 1020 984 1209 1050; x_wconf 84' lang='lat' dir='ltr'><strong>verbcssern“,</strong></span> <span class='ocrx_word' id='word_1_48' title='bbox 1243 986 1317 1043; x_wconf 90' lang='lat' dir='ltr'><strong>unde</strong></span> <span class='ocrx_word' id='word_1_49' title='bbox 1343 988 1408 1044; x_wconf 92' lang='lat' dir='ltr'><strong>haec</strong></span> 
     </span>
     <span class='ocr_line' id='line_1_9' title="bbox 258 1063 1410 1128; baseline 0.001 -1"><span class='ocrx_word' id='word_1_50' title='bbox 258 1072 314 1127; x_wconf 90' lang='lat' dir='ltr'><strong>dira</strong></span> <span class='ocrx_word' id='word_1_51' title='bbox 336 1071 478 1128; x_wconf 68' lang='lat' dir='ltr'><strong>necessitas</strong></span> <span class='ocrx_word' id='word_1_52' title='bbox 500 1072 604 1127; x_wconf 90' lang='lat' dir='ltr'><strong>venerit</strong></span> <span class='ocrx_word' id='word_1_53' title='bbox 625 1087 680 1126; x_wconf 92' lang='lat' dir='ltr'><strong>non</strong></span> <span class='ocrx_word' id='word_1_54' title='bbox 702 1070 788 1126; x_wconf 86' lang='lat' dir='ltr'><strong>uideo.</strong></span> <span class='ocrx_word' id='word_1_55' title='bbox 831 1069 968 1125; x_wconf 82' lang='lat' dir='ltr'><strong>Interdum</strong></span> <span class='ocrx_word' id='word_1_56' title='bbox 998 1070 1076 1126; x_wconf 90' lang='lat' dir='ltr'><strong>etiam</strong></span> <span class='ocrx_word' id='word_1_57' title='bbox 1099 1071 1233 1127; x_wconf 88' lang='lat' dir='ltr'><strong>distinctio</strong></span> <span class='ocrx_word' id='word_1_58' title='bbox 1255 1070 1361 1128; x_wconf 87' lang='lat' dir='ltr'><strong>laborat</strong></span> <span class='ocrx_word' id='word_1_59' title='bbox 1383 1063 1410 1128; x_wconf 87' lang='lat' dir='ltr'><strong>ct</strong></span> 
     </span>
     <span class='ocr_line' id='line_1_10' title="bbox 258 1154 1407 1230; baseline 0.001 -18"><span class='ocrx_word' id='word_1_60' title='bbox 258 1156 356 1230; x_wconf 89' lang='lat' dir='ltr'><strong>quibus</strong></span> <span class='ocrx_word' id='word_1_61' title='bbox 377 1155 464 1212; x_wconf 85' lang='lat' dir='ltr'><strong>verbis</strong></span> <span class='ocrx_word' id='word_1_62' title='bbox 487 1165 582 1229; x_wconf 86' lang='lat' dir='ltr'><strong>poetae</strong></span> <span class='ocrx_word' id='word_1_63' title='bbox 604 1173 696 1211; x_wconf 84' lang='lat' dir='ltr'><strong>versus</strong></span> <span class='ocrx_word' id='word_1_64' title='bbox 719 1155 826 1228; x_wconf 75' lang='lat' dir='ltr'><strong>incipiat</strong></span> <span class='ocrx_word' id='word_1_65' title='bbox 847 1154 1000 1226; x_wconf 81' lang='lat' dir='ltr'>ambigitur,</span> <span class='ocrx_word' id='word_1_66' title='bbox 1024 1164 1054 1212; x_wconf 89' lang='lat' dir='ltr'><strong>ut</strong></span> <span class='ocrx_word' id='word_1_67' title='bbox 1069 1154 1111 1220; x_wconf 90' lang='lat' dir='ltr'><strong>vt,</strong></span> <span class='ocrx_word' id='word_1_68' title='bbox 1130 1157 1168 1213; x_wconf 83' lang='lat'><strong>80</strong></span> <span class='ocrx_word' id='word_1_69' title='bbox 1190 1155 1255 1212; x_wconf 84' lang='lat' dir='ltr'><strong>binc</strong></span> <span class='ocrx_word' id='word_1_70' title='bbox 1278 1157 1407 1222; x_wconf 83' lang='lat' dir='ltr'><strong>visendo,</strong></span> 
     </span>
     <span class='ocr_line' id='line_1_11' title="bbox 190 1239 1407 1314; baseline 0 -17"><span class='ocrx_word' id='word_1_71' title='bbox 190 1277 192 1282; x_wconf 70' lang='lat'><strong>,</strong></span> <span class='ocrx_word' id='word_1_72' title='bbox 256 1242 384 1313; x_wconf 76' lang='lat' dir='ltr'><strong>vigilant,</strong></span> <span class='ocrx_word' id='word_1_73' title='bbox 406 1240 547 1312; x_wconf 78' lang='lat' dir='ltr'><strong>vigilium,</strong></span> <span class='ocrx_word' id='word_1_74' title='bbox 570 1241 696 1297; x_wconf 81' lang='lat' dir='ltr'><strong>incident</strong></span> <span class='ocrx_word' id='word_1_75' title='bbox 719 1247 744 1294; x_wconf 84' lang='lat' dir='ltr'><strong>ct</strong></span> <span class='ocrx_word' id='word_1_76' title='bbox 767 1240 881 1295; x_wconf 84' lang='lat' dir='ltr'><strong>atticum</strong></span> <span class='ocrx_word' id='word_1_77' title='bbox 904 1239 976 1296; x_wconf 81' lang='lat' dir='ltr'><strong>illud</strong></span> <span class='ocrx_word' id='word_1_78' title='bbox 997 1241 1101 1296; x_wconf 84' lang='lat' dir='ltr'><strong>obliuio</strong></span> <span class='ocrx_word' id='word_1_79' title='bbox 1124 1242 1212 1305; x_wconf 83' lang='lat' dir='ltr'><strong>locet,</strong></span> <span class='ocrx_word' id='word_1_80' title='bbox 1236 1242 1284 1314; x_wconf 81' lang='lat' dir='ltr'><strong>puo‘</strong></span> <span class='ocrx_word' id='word_1_81' title='bbox 1306 1242 1407 1298; x_wconf 81' lang='lat' dir='ltr'><strong>incidit</strong></span> 
     </span>
     <span class='ocr_line' id='line_1_12' title="bbox 255 1325 1405 1398; baseline 0.001 -16"><span class='ocrx_word' id='word_1_82' title='bbox 255 1326 445 1382; x_wconf 82' lang='lat' dir='ltr'><strong>incidendum.</strong></span> <span class='ocrx_word' id='word_1_83' title='bbox 489 1325 570 1382; x_wconf 89' lang='lat' dir='ltr'><strong>verba</strong></span> <span class='ocrx_word' id='word_1_84' title='bbox 591 1325 698 1381; x_wconf 88' lang='lat' dir='ltr'><strong>videndi</strong></span> <span class='ocrx_word' id='word_1_85' title='bbox 719 1325 776 1398; x_wconf 90' lang='lat' dir='ltr'><strong>ipsa</strong></span> <span class='ocrx_word' id='word_1_86' title='bbox 798 1341 853 1379; x_wconf 91' lang='lat' dir='ltr'><strong>non</strong></span> <span class='ocrx_word' id='word_1_87' title='bbox 875 1332 958 1395; x_wconf 84' lang='lat' dir='ltr'><strong>certa,</strong></span> <span class='ocrx_word' id='word_1_88' title='bbox 982 1333 1009 1381; x_wconf 90' lang='lat' dir='ltr'><strong>et</strong></span> <span class='ocrx_word' id='word_1_89' title='bbox 1031 1343 1092 1382; x_wconf 89' lang='lat' dir='ltr'><strong>cum</strong></span> <span class='ocrx_word' id='word_1_90' title='bbox 1112 1326 1141 1381; x_wconf 93' lang='lat' dir='ltr'><strong>in</strong></span> <span class='ocrx_word' id='word_1_91' title='bbox 1163 1325 1183 1381; x_wconf 85' lang='lat' dir='ltr'><strong>p</strong></span> <span class='ocrx_word' id='word_1_92' title='bbox 1205 1327 1258 1382; x_wconf 85' lang='lat' dir='ltr'><strong>otti</strong></span> <span class='ocrx_word' id='word_1_93' title='bbox 1279 1326 1405 1383; x_wconf 90' lang='lat' dir='ltr'><strong>ultimum</strong></span> 
     </span>
     <span class='ocr_line' id='line_1_13' title="bbox 256 1407 1406 1476; baseline 0.003 -12"><span class='ocrx_word' id='word_1_94' title='bbox 256 1427 350 1466; x_wconf 88' lang='lat' dir='ltr'><strong>versus</strong></span> <span class='ocrx_word' id='word_1_95' title='bbox 373 1409 532 1466; x_wconf 89' lang='lat' dir='ltr'><strong>vocabulum</strong></span> <span class='ocrx_word' id='word_1_96' title='bbox 554 1409 601 1475; x_wconf 89' lang='lat' dir='ltr'><strong>sit,</strong></span> <span class='ocrx_word' id='word_1_97' title='bbox 634 1426 694 1466; x_wconf 90' lang='lat' dir='ltr'><strong>cum</strong></span> <span class='ocrx_word' id='word_1_98' title='bbox 717 1409 886 1465; x_wconf 88' lang='lat' dir='ltr'><strong>Lachmanno</strong></span> <span class='ocrx_word' id='word_1_99' title='bbox 909 1407 966 1465; x_wconf 75' lang='lat' dir='ltr'><strong>Atti</strong></span> <span class='ocrx_word' id='word_1_100' title='bbox 988 1411 1165 1476; x_wconf 82' lang='lat' dir='ltr'><strong>retinueram,</strong></span> <span class='ocrx_word' id='word_1_101' title='bbox 1196 1419 1226 1467; x_wconf 91' lang='lat' dir='ltr'><strong>ut</strong></span> <span class='ocrx_word' id='word_1_102' title='bbox 1248 1427 1310 1466; x_wconf 91' lang='lat' dir='ltr'><strong>cum</strong></span> <span class='ocrx_word' id='word_1_103' title='bbox 1332 1412 1406 1468; x_wconf 84' lang='lat' dir='ltr'><strong>illud</strong></span> 
     </span>
     <span class='ocr_line' id='line_1_14' title="bbox 255 1494 1407 1569; baseline 0.001 -18"><span class='ocrx_word' id='word_1_104' title='bbox 255 1504 352 1569; x_wconf 90' lang='lat' dir='ltr'><strong>poetae</strong></span> <span class='ocrx_word' id='word_1_105' title='bbox 373 1495 454 1551; x_wconf 90' lang='lat' dir='ltr'><strong>verba</strong></span> <span class='ocrx_word' id='word_1_106' title='bbox 475 1512 533 1552; x_wconf 90' lang='lat' dir='ltr'><strong>esse</strong></span> <span class='ocrx_word' id='word_1_107' title='bbox 555 1495 717 1559; x_wconf 88' lang='lat' dir='ltr'><strong>viderentur,</strong></span> <span class='ocrx_word' id='word_1_108' title='bbox 742 1494 813 1567; x_wconf 92' lang='lat' dir='ltr'><strong>quod</strong></span> <span class='ocrx_word' id='word_1_109' title='bbox 836 1494 943 1551; x_wconf 89' lang='lat' dir='ltr'><strong>minime</strong></span> <span class='ocrx_word' id='word_1_110' title='bbox 964 1495 1119 1568; x_wconf 90' lang='lat' dir='ltr'><strong>probabile;</strong></span> <span class='ocrx_word' id='word_1_111' title='bbox 1154 1512 1214 1551; x_wconf 91' lang='lat' dir='ltr'><strong>nam</strong></span> <span class='ocrx_word' id='word_1_112' title='bbox 1238 1497 1341 1552; x_wconf 82' lang='lat' dir='ltr'><strong>obliuio</strong></span> <span class='ocrx_word' id='word_1_113' title='bbox 1366 1537 1373 1551; x_wconf 89' lang='lat'><strong>.</strong></span> <span class='ocrx_word' id='word_1_114' title='bbox 1400 1538 1407 1552; x_wconf 89' lang='lat'><strong>.</strong></span> 
     </span>
     <span class='ocr_line' id='line_1_15' title="bbox 255 1580 1406 1654; baseline 0.001 -18"><span class='ocrx_word' id='word_1_115' title='bbox 255 1581 287 1636; x_wconf 81' lang='lat' dir='ltr'><strong>iu</strong></span> <span class='ocrx_word' id='word_1_116' title='bbox 314 1580 493 1637; x_wconf 84' lang='lat' dir='ltr'><strong>invidendum</strong></span> <span class='ocrx_word' id='word_1_117' title='bbox 527 1581 661 1654; x_wconf 89' lang='lat' dir='ltr'><strong>integrum</strong></span> <span class='ocrx_word' id='word_1_118' title='bbox 694 1588 720 1636; x_wconf 90' lang='lat' dir='ltr'><strong>et</strong></span> <span class='ocrx_word' id='word_1_119' title='bbox 755 1588 877 1652; x_wconf 87' lang='lat' dir='ltr'><strong>apertum</strong></span> <span class='ocrx_word' id='word_1_120' title='bbox 906 1597 1015 1636; x_wconf 91' lang='lat' dir='ltr'><strong>sensum</strong></span> <span class='ocrx_word' id='word_1_121' title='bbox 1043 1581 1159 1638; x_wconf 90' lang='lat' dir='ltr'><strong>reddunt</strong></span> <span class='ocrx_word' id='word_1_122' title='bbox 1188 1598 1238 1638; x_wconf 92' lang='lat' dir='ltr'><strong>nec</strong></span> <span class='ocrx_word' id='word_1_123' title='bbox 1265 1581 1315 1637; x_wconf 91' lang='lat' dir='ltr'><strong>ista</strong></span> <span class='ocrx_word' id='word_1_124' title='bbox 1344 1598 1406 1637; x_wconf 87' lang='lat' dir='ltr'><strong>cum</strong></span> 
     </span>
     <span class='ocr_line' id='line_1_16' title="bbox 254 1663 1406 1741; baseline 0.001 -20"><span class='ocrx_word' id='word_1_125' title='bbox 254 1665 393 1721; x_wconf 85' lang='lat' dir='ltr'><strong>illudhuc</strong></span> <span class='ocrx_word' id='word_1_126' title='bbox 415 1667 559 1738; x_wconf 89' lang='lat' dir='ltr'><strong>pertinent,</strong></span> <span class='ocrx_word' id='word_1_127' title='bbox 583 1665 672 1739; x_wconf 90' lang='lat' dir='ltr'><strong>potius</strong></span> <span class='ocrx_word' id='word_1_128' title='bbox 695 1673 790 1720; x_wconf 92' lang='lat' dir='ltr'><strong>notum</strong></span> <span class='ocrx_word' id='word_1_129' title='bbox 812 1663 921 1738; x_wconf 85' lang='lat' dir='ltr'><strong>aliquod</strong></span> <span class='ocrx_word' id='word_1_130' title='bbox 943 1665 1126 1740; x_wconf 90' lang='lat' dir='ltr'><strong>cuiuscunque</strong></span> <span class='ocrx_word' id='word_1_131' title='bbox 1149 1665 1257 1731; x_wconf 86' lang='lat' dir='ltr'><strong>dictum,</strong></span> <span class='ocrx_word' id='word_1_132' title='bbox 1282 1667 1309 1723; x_wconf 94' lang='lat' dir='ltr'><strong>id</strong></span> <span class='ocrx_word' id='word_1_133' title='bbox 1332 1667 1406 1741; x_wconf 90' lang='lat' dir='ltr'><strong>quod</strong></span> 
     </span>
     <span class='ocr_line' id='line_1_17' title="bbox 255 1749 679 1814; baseline 0.002 -10"><span class='ocrx_word' id='word_1_134' title='bbox 255 1749 297 1805; x_wconf 87' lang='lat' dir='ltr'><strong>alii</strong></span> <span class='ocrx_word' id='word_1_135' title='bbox 318 1751 370 1805; x_wconf 93' lang='lat' dir='ltr'><strong>iam</strong></span> <span class='ocrx_word' id='word_1_136' title='bbox 393 1749 531 1814; x_wconf 88' lang='lat' dir='ltr'><strong>viderunt,</strong></span> <span class='ocrx_word' id='word_1_137' title='bbox 554 1750 679 1806; x_wconf 87' lang='lat' dir='ltr'><strong>indicant.</strong></span> 
     </span>
    </p>
   </div>
   <div class='ocr_carea' id='block_1_3' title="bbox 635 1918 1041 1926">
    <p class='ocr_par' dir='ltr' id='par_1_6' title="bbox 635 1918 1041 1926">
     <span class='ocr_line' id='line_1_18' title="bbox 635 1918 1041 1926; baseline 0 -1"><span class='ocrx_word' id='word_1_138' title='bbox 635 1918 1041 1926; x_wconf 84' lang='lat'>——-——</span> 
     </span>
    </p>
   </div>
   <div class='ocr_carea' id='block_1_4' title="bbox 343 2060 1344 2256">
    <p class='ocr_par' dir='ltr' id='par_1_7' title="bbox 343 2060 1344 2256">
     <span class='ocr_line' id='line_1_19' title="bbox 343 2060 1344 2167; baseline 0.001 -23"><span class='ocrx_word' id='word_1_139' title='bbox 343 2077 427 2167; x_wconf 84' lang='lat' dir='ltr'><strong>[Quae</strong></span> <span class='ocrx_word' id='word_1_140' title='bbox 448 2096 600 2161; x_wconf 88' lang='lat' dir='ltr'><strong>sequuntur</strong></span> <span class='ocrx_word' id='word_1_141' title='bbox 622 2105 653 2144; x_wconf 86' lang='lat' dir='ltr'><strong>en</strong></span> <span class='ocrx_word' id='word_1_142' title='bbox 675 2089 899 2146; x_wconf 71' lang='lat' dir='ltr'><strong>commentatione</strong></span> <span class='ocrx_word' id='word_1_143' title='bbox 921 2090 954 2146; x_wconf 93' lang='lat' dir='ltr'><strong>de</strong></span> <span class='ocrx_word' id='word_1_144' title='bbox 977 2089 1081 2146; x_wconf 89' lang='lat' dir='ltr'><strong>emend.</strong></span> <span class='ocrx_word' id='word_1_145' title='bbox 1105 2099 1156 2145; x_wconf 89' lang='lat' dir='ltr'><strong>rat.</strong></span> <span class='ocrx_word' id='word_1_146' title='bbox 1179 2089 1198 2145; x_wconf 92' lang='lat' dir='ltr'><strong>l.</strong></span> <span class='ocrx_word' id='word_1_147' title='bbox 1215 2092 1242 2147; x_wconf 88' lang='lat' dir='ltr'><strong>d.</strong></span> <span class='ocrx_word' id='word_1_148' title='bbox 1265 2091 1284 2146; x_wconf 95' lang='lat' dir='ltr'><strong>l.</strong></span> <span class='ocrx_word' id='word_1_149' title='bbox 1300 2090 1319 2146; x_wconf 91' lang='lat' dir='ltr'><strong>l.</strong></span> <span class='ocrx_word' id='word_1_150' title='bbox 1342 2060 1344 2068; x_wconf 33' lang='grc' dir='ltr'>Ι</span> 
     </span>
     <span class='ocr_line' id='line_1_20' title="bbox 469 2167 1190 2256; baseline 0.004 -28"><span class='ocrx_word' id='word_1_151' title='bbox 469 2173 656 2230; x_wconf 78' lang='lat' dir='ltr'><strong>ltoucctvttt</strong></span> <span class='ocrx_word' id='word_1_152' title='bbox 679 2175 775 2248; x_wconf 88' lang='lat' dir='ltr'><strong>scripta</strong></span> <span class='ocrx_word' id='word_1_153' title='bbox 798 2193 826 2248; x_wconf 91' lang='lat' dir='ltr'><strong>p.</strong></span> <span class='ocrx_word' id='word_1_154' title='bbox 843 2174 948 2235; x_wconf 82' lang='lat'>8-14</span> <span class='ocrx_word' id='word_1_155' title='bbox 970 2176 1082 2249; x_wconf 87' lang='lat' dir='ltr'><strong>repetita</strong></span> <span class='ocrx_word' id='word_1_156' title='bbox 1104 2167 1190 2256; x_wconf 85' lang='lat' dir='ltr'><strong>sunt]</strong></span> 
     </span>
    </p>
   </div>
   <div class='ocr_carea' id='block_1_5' title="bbox 252 2308 1408 3743">
    <p class='ocr_par' dir='ltr' id='par_1_8' title="bbox 252 2308 1408 3148">
     <span class='ocr_line' id='line_1_21' title="bbox 338 2308 1404 2385; baseline 0.003 -21"><span class='ocrx_word' id='word_1_157' title='bbox 338 2308 465 2367; x_wconf 84' lang='lat' dir='ltr'><strong>Varronis</strong></span> <span class='ocrx_word' id='word_1_158' title='bbox 493 2311 611 2367; x_wconf 87' lang='lat' dir='ltr'><strong>codicem</strong></span> <span class='ocrx_word' id='word_1_159' title='bbox 632 2309 651 2366; x_wconf 81' lang='lat' dir='ltr'>F</span> <span class='ocrx_word' id='word_1_160' title='bbox 673 2311 832 2367; x_wconf 88' lang='lat' dir='ltr'><strong>correctoris</strong></span> <span class='ocrx_word' id='word_1_161' title='bbox 862 2327 941 2366; x_wconf 90' lang='lat' dir='ltr'><strong>manu</strong></span> <span class='ocrx_word' id='word_1_162' title='bbox 969 2310 1053 2384; x_wconf 89' lang='lat' dir='ltr'><strong>qualis</strong></span> <span class='ocrx_word' id='word_1_163' title='bbox 1075 2312 1102 2366; x_wconf 90' lang='lat' dir='ltr'><strong>in</strong></span> <span class='ocrx_word' id='word_1_164' title='bbox 1125 2313 1144 2367; x_wconf 90' lang='lat' dir='ltr'>B</span> <span class='ocrx_word' id='word_1_165' title='bbox 1167 2320 1292 2385; x_wconf 87' lang='lat' dir='ltr'><strong>apparet,</strong></span> <span class='ocrx_word' id='word_1_166' title='bbox 1329 2313 1404 2384; x_wconf 91' lang='lat' dir='ltr'><strong>quod</strong></span> 
     </span>
     <span class='ocr_line' id='line_1_22' title="bbox 252 2395 1406 2470; baseline 0.001 -18"><span class='ocrx_word' id='word_1_167' title='bbox 252 2412 338 2470; x_wconf 90' lang='lat' dir='ltr'><strong>genus</strong></span> <span class='ocrx_word' id='word_1_168' title='bbox 360 2395 497 2452; x_wconf 91' lang='lat' dir='ltr'><strong>bominum</strong></span> <span class='ocrx_word' id='word_1_169' title='bbox 518 2395 559 2452; x_wconf 91' lang='lat' dir='ltr'><strong>his</strong></span> <span class='ocrx_word' id='word_1_170' title='bbox 581 2395 676 2453; x_wconf 90' lang='lat' dir='ltr'><strong>litteris</strong></span> <span class='ocrx_word' id='word_1_171' title='bbox 704 2397 815 2451; x_wconf 85' lang='lat' dir='ltr'><strong>manime</strong></span> <span class='ocrx_word' id='word_1_172' title='bbox 842 2397 1024 2469; x_wconf 88' lang='lat' dir='ltr'><strong>perniciosum</strong></span> <span class='ocrx_word' id='word_1_173' title='bbox 1046 2404 1074 2453; x_wconf 88' lang='lat' dir='ltr'><strong>et</strong></span> <span class='ocrx_word' id='word_1_174' title='bbox 1095 2404 1153 2453; x_wconf 88' lang='lat' dir='ltr'><strong>erat</strong></span> <span class='ocrx_word' id='word_1_175' title='bbox 1174 2404 1201 2453; x_wconf 90' lang='lat' dir='ltr'><strong>et</strong></span> <span class='ocrx_word' id='word_1_176' title='bbox 1223 2404 1278 2458; x_wconf 91' lang='lat' dir='ltr'><strong>est,</strong></span> <span class='ocrx_word' id='word_1_177' title='bbox 1314 2396 1406 2453; x_wconf 90' lang='lat' dir='ltr'><strong>dedita</strong></span> 
     </span>
     <span class='ocr_line' id='line_1_23' title="bbox 253 2479 1404 2555; baseline -0.001 -18"><span class='ocrx_word' id='word_1_178' title='bbox 253 2497 335 2555; x_wconf 92' lang='lat' dir='ltr'><strong>opera</strong></span> <span class='ocrx_word' id='word_1_179' title='bbox 357 2498 412 2537; x_wconf 91' lang='lat' dir='ltr'><strong>non</strong></span> <span class='ocrx_word' id='word_1_180' title='bbox 442 2481 625 2545; x_wconf 88' lang='lat' dir='ltr'><strong>emendatum,</strong></span> <span class='ocrx_word' id='word_1_181' title='bbox 660 2479 701 2535; x_wconf 88' lang='lat' dir='ltr'><strong>vel</strong></span> <span class='ocrx_word' id='word_1_182' title='bbox 729 2489 760 2536; x_wconf 88' lang='lat' dir='ltr'><strong>ut</strong></span> <span class='ocrx_word' id='word_1_183' title='bbox 787 2481 885 2536; x_wconf 88' lang='lat' dir='ltr'><strong>rectius</strong></span> <span class='ocrx_word' id='word_1_184' title='bbox 913 2481 1030 2537; x_wconf 91' lang='lat' dir='ltr'><strong>dicamus</strong></span> <span class='ocrx_word' id='word_1_185' title='bbox 1060 2489 1218 2554; x_wconf 90' lang='lat' dir='ltr'><strong>corruptum</strong></span> <span class='ocrx_word' id='word_1_186' title='bbox 1242 2497 1300 2536; x_wconf 90' lang='lat' dir='ltr'><strong>esse</strong></span> <span class='ocrx_word' id='word_1_187' title='bbox 1322 2498 1404 2554; x_wconf 88' lang='lat' dir='ltr'><strong>supra</strong></span> 
     </span>
     <span class='ocr_line' id='line_1_24' title="bbox 252 2564 1405 2639; baseline 0.001 -18"><span class='ocrx_word' id='word_1_188' title='bbox 252 2566 419 2630; x_wconf 84' lang='lat' dir='ltr'><strong>monuimus3</strong></span> <span class='ocrx_word' id='word_1_189' title='bbox 445 2564 527 2621; x_wconf 89' lang='lat' dir='ltr'><strong>nihilo</strong></span> <span class='ocrx_word' id='word_1_190' title='bbox 550 2566 638 2621; x_wconf 90' lang='lat' dir='ltr'><strong>minus</strong></span> <span class='ocrx_word' id='word_1_191' title='bbox 659 2581 754 2622; x_wconf 88' lang='lat' dir='ltr'><strong>veroa</strong></span> <span class='ocrx_word' id='word_1_192' title='bbox 776 2564 888 2621; x_wconf 88' lang='lat' dir='ltr'><strong>librariis</strong></span> <span class='ocrx_word' id='word_1_193' title='bbox 912 2574 939 2622; x_wconf 91' lang='lat' dir='ltr'><strong>et</strong></span> <span class='ocrx_word' id='word_1_194' title='bbox 959 2565 1113 2639; x_wconf 91' lang='lat' dir='ltr'><strong>legentibus</strong></span> <span class='ocrx_word' id='word_1_195' title='bbox 1136 2565 1207 2622; x_wconf 91' lang='lat' dir='ltr'><strong>haud</strong></span> <span class='ocrx_word' id='word_1_196' title='bbox 1229 2581 1290 2621; x_wconf 87' lang='lat' dir='ltr'><strong>raro</strong></span> <span class='ocrx_word' id='word_1_197' title='bbox 1314 2565 1405 2630; x_wconf 90' lang='lat' dir='ltr'><strong>verba,</strong></span> 
     </span>
     <span class='ocr_line' id='line_1_25' title="bbox 253 2648 1408 2724; baseline 0.001 -19"><span class='ocrx_word' id='word_1_198' title='bbox 253 2650 352 2724; x_wconf 89' lang='lat' dir='ltr'><strong>quibus</strong></span> <span class='ocrx_word' id='word_1_199' title='bbox 381 2649 522 2707; x_wconf 87' lang='lat' dir='ltr'><strong>obscuram</strong></span> <span class='ocrx_word' id='word_1_200' title='bbox 551 2649 709 2707; x_wconf 87' lang='lat' dir='ltr'><strong>sententiam</strong></span> <span class='ocrx_word' id='word_1_201' title='bbox 742 2648 928 2723; x_wconf 80' lang='lat' dir='ltr'><strong>explanarent,</strong></span> <span class='ocrx_word' id='word_1_202' title='bbox 966 2651 1033 2708; x_wconf 91' lang='lat' dir='ltr'><strong>male</strong></span> <span class='ocrx_word' id='word_1_203' title='bbox 1067 2651 1154 2708; x_wconf 91' lang='lat' dir='ltr'><strong>addita</strong></span> <span class='ocrx_word' id='word_1_204' title='bbox 1187 2667 1246 2707; x_wconf 91' lang='lat' dir='ltr'><strong>esse</strong></span> <span class='ocrx_word' id='word_1_205' title='bbox 1277 2650 1408 2708; x_wconf 88' lang='lat' dir='ltr'><strong>Prisciani</strong></span> 
     </span>
     <span class='ocr_line' id='line_1_26' title="bbox 253 2734 1406 2811; baseline 0.004 -23"><span class='ocrx_word' id='word_1_206' title='bbox 253 2734 425 2799; x_wconf 88' lang='lat' dir='ltr'><strong>auctoritate,</strong></span> <span class='ocrx_word' id='word_1_207' title='bbox 461 2735 507 2808; x_wconf 90' lang='lat' dir='ltr'><strong>qui</strong></span> <span class='ocrx_word' id='word_1_208' title='bbox 528 2734 679 2808; x_wconf 82' lang='lat' dir='ltr'><strong>longiorem</strong></span> <span class='ocrx_word' id='word_1_209' title='bbox 701 2734 792 2791; x_wconf 90' lang='lat' dir='ltr'><strong>locum</strong></span> <span class='ocrx_word' id='word_1_210' title='bbox 815 2736 847 2791; x_wconf 93' lang='lat' dir='ltr'><strong>de</strong></span> <span class='ocrx_word' id='word_1_211' title='bbox 877 2735 945 2791; x_wconf 89' lang='lat' dir='ltr'><strong>acris</strong></span> <span class='ocrx_word' id='word_1_212' title='bbox 974 2744 1001 2793; x_wconf 86' lang='lat' dir='ltr'><strong>et</strong></span> <span class='ocrx_word' id='word_1_213' title='bbox 1029 2738 1133 2810; x_wconf 82' lang='lat' dir='ltr'><strong>argenti</strong></span> <span class='ocrx_word' id='word_1_214' title='bbox 1162 2736 1278 2793; x_wconf 91' lang='lat' dir='ltr'><strong>nummis</strong></span> <span class='ocrx_word' id='word_1_215' title='bbox 1301 2736 1406 2811; x_wconf 85' lang='lat' dir='ltr'><strong>integre</strong></span> 
     </span>
     <span class='ocr_line' id='line_1_27' title="bbox 253 2817 1407 2893; baseline 0.004 -19"><span class='ocrx_word' id='word_1_216' title='bbox 253 2817 398 2881; x_wconf 85' lang='lat' dir='ltr'><strong>transtulit,</strong></span> <span class='ocrx_word' id='word_1_217' title='bbox 422 2819 644 2875; x_wconf 88' lang='lat' dir='ltr'><strong>confirmavimus.</strong></span> <span class='ocrx_word' id='word_1_218' title='bbox 658 2819 679 2888; x_wconf 87' lang='lat'><strong>¹)</strong></span> <span class='ocrx_word' id='word_1_219' title='bbox 725 2819 798 2892; x_wconf 91' lang='lat' dir='ltr'><strong>quod</strong></span> <span class='ocrx_word' id='word_1_220' title='bbox 820 2821 841 2875; x_wconf 94' lang='lat' dir='ltr'><strong>si</strong></span> <span class='ocrx_word' id='word_1_221' title='bbox 863 2819 890 2876; x_wconf 90' lang='lat' dir='ltr'><strong>id</strong></span> <span class='ocrx_word' id='word_1_222' title='bbox 913 2837 997 2893; x_wconf 90' lang='lat' dir='ltr'><strong>genus</strong></span> <span class='ocrx_word' id='word_1_223' title='bbox 1021 2820 1179 2878; x_wconf 87' lang='lat' dir='ltr'><strong>emblemata</strong></span> <span class='ocrx_word' id='word_1_224' title='bbox 1201 2822 1307 2879; x_wconf 90' lang='lat' dir='ltr'><strong>detecta</strong></span> <span class='ocrx_word' id='word_1_225' title='bbox 1331 2839 1407 2879; x_wconf 89' lang='lat' dir='ltr'><strong>rese-</strong></span> 
     </span>
     <span class='ocr_line' id='line_1_28' title="bbox 253 2904 1404 2980; baseline 0.006 -21"><span class='ocrx_word' id='word_1_226' title='bbox 253 2909 358 2965; x_wconf 88' lang='lat' dir='ltr'><strong>cantur,</strong></span> <span class='ocrx_word' id='word_1_227' title='bbox 381 2904 485 2976; x_wconf 89' lang='lat' dir='ltr'><strong>integra</strong></span> <span class='ocrx_word' id='word_1_228' title='bbox 506 2904 644 2979; x_wconf 86' lang='lat' dir='ltr'><strong>scriptoris</strong></span> <span class='ocrx_word' id='word_1_229' title='bbox 666 2919 760 2960; x_wconf 90' lang='lat' dir='ltr'><strong>manus</strong></span> <span class='ocrx_word' id='word_1_230' title='bbox 782 2904 865 2968; x_wconf 90' lang='lat' dir='ltr'><strong>adest,</strong></span> <span class='ocrx_word' id='word_1_231' title='bbox 889 2905 965 2961; x_wconf 89' lang='lat' dir='ltr'><strong>cuius</strong></span> <span class='ocrx_word' id='word_1_232' title='bbox 988 2906 1025 2962; x_wconf 92' lang='lat' dir='ltr'><strong>rei</strong></span> <span class='ocrx_word' id='word_1_233' title='bbox 1042 2905 1191 2980; x_wconf 78' lang='lat' dir='ltr'><strong>exemplum</strong></span> <span class='ocrx_word' id='word_1_234' title='bbox 1206 2914 1279 2962; x_wconf 78' lang='lat' dir='ltr'><strong>extat</strong></span> <span class='ocrx_word' id='word_1_235' title='bbox 1294 2907 1335 2972; x_wconf 82' lang='lat' dir='ltr'><strong>tx,</strong></span> <span class='ocrx_word' id='word_1_236' title='bbox 1356 2909 1404 2971; x_wconf 85' lang='grc'><strong>66,</strong></span> 
     </span>
     <span class='ocr_line' id='line_1_29' title="bbox 252 2985 1407 3062; baseline 0.005 -20"><span class='ocrx_word' id='word_1_237' title='bbox 252 2985 299 3042; x_wconf 91' lang='lat' dir='ltr'><strong>ubi</strong></span> <span class='ocrx_word' id='word_1_238' title='bbox 322 2986 404 3043; x_wconf 90' lang='lat' dir='ltr'><strong>Varro</strong></span> <span class='ocrx_word' id='word_1_239' title='bbox 427 3005 541 3052; x_wconf 89' lang='lat' dir='ltr'><strong>causam,</strong></span> <span class='ocrx_word' id='word_1_240' title='bbox 565 3005 613 3045; x_wconf 92' lang='lat' dir='ltr'><strong>cur</strong></span> <span class='ocrx_word' id='word_1_241' title='bbox 635 2988 752 3062; x_wconf 91' lang='lat' dir='ltr'><strong>populus</strong></span> <span class='ocrx_word' id='word_1_242' title='bbox 774 2989 801 3043; x_wconf 92' lang='lat' dir='ltr'><strong>in</strong></span> <span class='ocrx_word' id='word_1_243' title='bbox 824 2988 882 3045; x_wconf 87' lang='lat' dir='ltr'><strong>aliis</strong></span> <span class='ocrx_word' id='word_1_244' title='bbox 905 2989 1041 3047; x_wconf 88' lang='lat' dir='ltr'><strong>vocabulis</strong></span> <span class='ocrx_word' id='word_1_245' title='bbox 1064 2990 1242 3048; x_wconf 89' lang='lat' dir='ltr'><strong>multitudinis</strong></span> <span class='ocrx_word' id='word_1_246' title='bbox 1265 3009 1407 3049; x_wconf 91' lang='lat' dir='ltr'><strong>numerum</strong></span> 
     </span>
     <span class='ocr_line' id='line_1_30' title="bbox 253 3071 892 3148; baseline 0.006 -21"><span class='ocrx_word' id='word_1_247' title='bbox 253 3071 390 3135; x_wconf 84' lang='lat' dir='ltr'><strong>adhibeat,</strong></span> <span class='ocrx_word' id='word_1_248' title='bbox 413 3073 440 3127; x_wconf 92' lang='lat' dir='ltr'><strong>in</strong></span> <span class='ocrx_word' id='word_1_249' title='bbox 463 3073 518 3128; x_wconf 90' lang='lat' dir='ltr'><strong>aliis</strong></span> <span class='ocrx_word' id='word_1_250' title='bbox 541 3072 640 3147; x_wconf 82' lang='lat' dir='ltr'><strong>fugiat,</strong></span> <span class='ocrx_word' id='word_1_251' title='bbox 665 3072 743 3130; x_wconf 90' lang='lat' dir='ltr'><strong>docte</strong></span> <span class='ocrx_word' id='word_1_252' title='bbox 765 3073 892 3148; x_wconf 79' lang='lat' dir='ltr'><strong>explicat:</strong></span> 
     </span>
    </p>

    <p class='ocr_par' dir='ltr' id='par_1_9' title="bbox 338 3157 1405 3232">
     <span class='ocr_line' id='line_1_31' title="bbox 338 3157 1405 3232; baseline 0.006 -21"><span class='ocrx_word' id='word_1_253' title='bbox 338 3157 405 3212; x_wconf 83' lang='lat' dir='ltr'><strong>item</strong></span> <span class='ocrx_word' id='word_1_254' title='bbox 427 3159 476 3230; x_wconf 79' lang='lat' dir='ltr'><strong>qui</strong></span> <span class='ocrx_word' id='word_1_255' title='bbox 497 3158 718 3231; x_wconf 75' lang='lat' dir='ltr'><strong>reprehendunt,</strong></span> <span class='ocrx_word' id='word_1_256' title='bbox 752 3160 827 3232; x_wconf 80' lang='lat' dir='ltr'><strong>quod</strong></span> <span class='ocrx_word' id='word_1_257' title='bbox 853 3177 910 3215; x_wconf 91' lang='lat' dir='ltr'><strong>mou</strong></span> <span class='ocrx_word' id='word_1_258' title='bbox 928 3161 1050 3216; x_wconf 75' lang='lat' dir='ltr'><strong>&#39;dicotur</strong></span> <span class='ocrx_word' id='word_1_259' title='bbox 1077 3167 1107 3216; x_wconf 90' lang='lat' dir='ltr'><strong>ut</strong></span> <span class='ocrx_word' id='word_1_260' title='bbox 1140 3159 1315 3232; x_wconf 75' lang='lat' dir='ltr'><strong>Unguentum</strong></span> <span class='ocrx_word' id='word_1_261' title='bbox 1348 3160 1405 3217; x_wconf 85' lang='lat' dir='ltr'><strong>Un-</strong></span> 
     </span>
    </p>

    <p class='ocr_par' dir='ltr' id='par_1_10' title="bbox 337 3241 1406 3319">
     <span class='ocr_line' id='line_1_32' title="bbox 337 3241 1406 3319; baseline 0.003 -21"><span class='ocrx_word' id='word_1_262' title='bbox 337 3250 451 3314; x_wconf 74' lang='lat' dir='ltr'><strong>guento,</strong></span> <span class='ocrx_word' id='word_1_263' title='bbox 479 3242 584 3308; x_wconf 72' lang='lat' dir='ltr'><strong>mcum,</strong></span> <span class='ocrx_word' id='word_1_264' title='bbox 614 3242 697 3314; x_wconf 83' lang='lat' dir='ltr'><strong>Vino,</strong></span> <span class='ocrx_word' id='word_1_265' title='bbox 719 3244 760 3298; x_wconf 83' lang='lat' dir='ltr'><strong>m&#39;c</strong></span> <span class='ocrx_word' id='word_1_266' title='bbox 782 3241 895 3300; x_wconf 76' lang='lat' dir='ltr'><strong>Acetum</strong></span> <span class='ocrx_word' id='word_1_267' title='bbox 916 3242 1016 3310; x_wconf 78' lang='lat' dir='ltr'><strong>ilceto,</strong></span> <span class='ocrx_word' id='word_1_268' title='bbox 1043 3242 1151 3301; x_wconf 82' lang='lat' dir='ltr'><strong>Garum</strong></span> <span class='ocrx_word' id='word_1_269' title='bbox 1175 3243 1270 3311; x_wconf 84' lang='lat' dir='ltr'><strong>Gara,</strong></span> <span class='ocrx_word' id='word_1_270' title='bbox 1294 3246 1406 3319; x_wconf 77' lang='lat' dir='ltr'><strong>fuciunt</strong></span> 
     </span>
    </p>

    <p class='ocr_par' dir='ltr' id='par_1_11' title="bbox 339 3329 1407 3743">
     <span class='ocr_line' id='line_1_33' title="bbox 339 3329 1404 3404; baseline 0.003 -21"><span class='ocrx_word' id='word_1_271' title='bbox 339 3329 481 3401; x_wconf 80' lang='lat' dir='ltr'><strong>imperito,</strong></span> <span class='ocrx_word' id='word_1_272' title='bbox 516 3329 565 3400; x_wconf 83' lang='lat' dir='ltr'><strong>qui</strong></span> <span class='ocrx_word' id='word_1_273' title='bbox 586 3329 627 3384; x_wconf 82' lang='lat' dir='ltr'><strong>tor·</strong></span> <span class='ocrx_word' id='word_1_274' title='bbox 649 3329 811 3385; x_wconf 83' lang='lat' dir='ltr'><strong>deciderunt</strong></span> <span class='ocrx_word' id='word_1_275' title='bbox 832 3331 1019 3386; x_wconf 81' lang='lat' dir='ltr'><strong>multitudinis</strong></span> <span class='ocrx_word' id='word_1_276' title='bbox 1041 3331 1223 3394; x_wconf 86' lang='lat' dir='ltr'><strong>uocabulum,</strong></span> <span class='ocrx_word' id='word_1_277' title='bbox 1258 3347 1330 3404; x_wconf 82' lang='lat' dir='ltr'><strong>quoe</strong></span> <span class='ocrx_word' id='word_1_278' title='bbox 1352 3332 1404 3386; x_wconf 84' lang='lat' dir='ltr'><strong>sub</strong></span> 
     </span>
     <span class='ocr_line' id='line_1_34' title="bbox 339 3414 1407 3487; baseline 0.005 -20"><span class='ocrx_word' id='word_1_279' title='bbox 339 3428 499 3468; x_wconf 85' lang='lat' dir='ltr'><strong>mensuram</strong></span> <span class='ocrx_word' id='word_1_280' title='bbox 529 3429 562 3468; x_wconf 90' lang='lat' dir='ltr'><strong>oc</strong></span> <span class='ocrx_word' id='word_1_281' title='bbox 589 3414 719 3485; x_wconf 85' lang='lat' dir='ltr'><strong>pondero</strong></span> <span class='ocrx_word' id='word_1_282' title='bbox 747 3416 841 3487; x_wconf 85' lang='lat' dir='ltr'><strong>potius</strong></span> <span class='ocrx_word' id='word_1_283' title='bbox 870 3430 954 3486; x_wconf 83' lang='lat' dir='ltr'><strong>quum</strong></span> <span class='ocrx_word' id='word_1_284' title='bbox 982 3416 1033 3471; x_wconf 83' lang='lat' dir='ltr'><strong>sub</strong></span> <span class='ocrx_word' id='word_1_285' title='bbox 1062 3431 1208 3471; x_wconf 82' lang='lat' dir='ltr'><strong>numerum</strong></span> <span class='ocrx_word' id='word_1_286' title='bbox 1234 3417 1407 3486; x_wconf 78' lang='lat' dir='ltr'><strong>succedunt3</strong></span> 
     </span>
     <span class='ocr_line' id='line_1_35' title="bbox 339 3497 1404 3572; baseline 0 -18"><span class='ocrx_word' id='word_1_287' title='bbox 339 3515 406 3554; x_wconf 85' lang='lat' dir='ltr'><strong>uam</strong></span> <span class='ocrx_word' id='word_1_288' title='bbox 433 3499 464 3554; x_wconf 84' lang='lat' dir='ltr'><strong>in</strong></span> <span class='ocrx_word' id='word_1_289' title='bbox 493 3499 609 3570; x_wconf 88' lang='lat' dir='ltr'><strong>plumbo</strong></span> <span class='ocrx_word' id='word_1_290' title='bbox 641 3497 724 3571; x_wconf 81' lang='lat' dir='ltr'><strong>[oleo]</strong></span> <span class='ocrx_word' id='word_1_291' title='bbox 758 3499 918 3572; x_wconf 55' lang='lat' dir='ltr'><strong>argentost)</strong></span> <span class='ocrx_word' id='word_1_292' title='bbox 950 3517 1012 3555; x_wconf 92' lang='lat' dir='ltr'><strong>cum</strong></span> <span class='ocrx_word' id='word_1_293' title='bbox 1044 3501 1244 3557; x_wconf 83' lang='lat' dir='ltr'><strong>incrementum</strong></span> <span class='ocrx_word' id='word_1_294' title='bbox 1277 3503 1404 3564; x_wconf 82' lang='lat' dir='ltr'><strong>occessit,</strong></span> 
     </span>
     <span class='ocr_line' id='line_1_36' title="bbox 341 3582 1404 3658; baseline 0.001 -20"><span class='ocrx_word' id='word_1_295' title='bbox 341 3584 458 3638; x_wconf 83' lang='lat' dir='ltr'><strong>dicimus</strong></span> <span class='ocrx_word' id='word_1_296' title='bbox 482 3582 566 3656; x_wconf 83' lang='lat' dir='ltr'><strong>[euim</strong></span> <span class='ocrx_word' id='word_1_297' title='bbox 587 3584 702 3638; x_wconf 86' lang='lat' dir='ltr'><strong>multum</strong></span> <span class='ocrx_word' id='word_1_298' title='bbox 724 3583 824 3656; x_wconf 85' lang='lat' dir='ltr'><strong>oleum]</strong></span> <span class='ocrx_word' id='word_1_299' title='bbox 846 3585 904 3640; x_wconf 83' lang='lat' dir='ltr'><strong>aio:</strong></span> <span class='ocrx_word' id='word_1_300' title='bbox 930 3585 1048 3641; x_wconf 90' lang='lat' dir='ltr'><strong>multum</strong></span> <span class='ocrx_word' id='word_1_301' title='bbox 1067 3587 1221 3658; x_wconf 81' lang='lat' dir='ltr'><strong>plumbum,</strong></span> <span class='ocrx_word' id='word_1_302' title='bbox 1250 3594 1404 3657; x_wconf 81' lang='lat' dir='ltr'><strong>arpentum,</strong></span> 
     </span>
     <span class='ocr_line' id='line_1_37' title="bbox 340 3666 1407 3743; baseline -0.001 -19"><span class='ocrx_word' id='word_1_303' title='bbox 340 3686 396 3724; x_wconf 87' lang='lat' dir='ltr'><strong>uon</strong></span> <span class='ocrx_word' id='word_1_304' title='bbox 425 3667 523 3741; x_wconf 87' lang='lat' dir='ltr'><strong>[multo</strong></span> <span class='ocrx_word' id='word_1_305' title='bbox 545 3666 619 3741; x_wconf 88' lang='lat' dir='ltr'><strong>olco]</strong></span> <span class='ocrx_word' id='word_1_306' title='bbox 646 3669 777 3740; x_wconf 84' lang='lat' dir='ltr'><strong>plumba,</strong></span> <span class='ocrx_word' id='word_1_307' title='bbox 811 3676 945 3740; x_wconf 80' lang='lat' dir='ltr'><strong>arpenta,</strong></span> <span class='ocrx_word' id='word_1_308' title='bbox 979 3686 1040 3725; x_wconf 92' lang='lat' dir='ltr'><strong>cum</strong></span> <span class='ocrx_word' id='word_1_309' title='bbox 1068 3686 1141 3743; x_wconf 81' lang='lat' dir='ltr'><strong>quoe</strong></span> <span class='ocrx_word' id='word_1_310' title='bbox 1170 3686 1205 3726; x_wconf 83' lang='lat' dir='ltr'><strong>cc</strong></span> <span class='ocrx_word' id='word_1_311' title='bbox 1232 3670 1308 3726; x_wconf 84' lang='lat' dir='ltr'><strong>bisce</strong></span> <span class='ocrx_word' id='word_1_312' title='bbox 1336 3671 1407 3742; x_wconf 79' lang='lat' dir='ltr'><strong>ficut</strong></span> 
     </span>
    </p>
   </div>
   <div class='ocr_carea' id='block_1_6' title="bbox 257 3913 1410 4186">
    <p class='ocr_par' dir='ltr' id='par_1_12' title="bbox 257 3913 1407 4118">
     <span class='ocr_line' id='line_1_38' title="bbox 327 3913 1407 3997; baseline 0 -29"><span class='ocrx_word' id='word_1_313' title='bbox 327 3918 351 3980; x_wconf 80' lang='lat'><strong>1)</strong></span> <span class='ocrx_word' id='word_1_314' title='bbox 369 3915 453 3967; x_wconf 88' lang='lat' dir='ltr'><strong>Uebcr</strong></span> <span class='ocrx_word' id='word_1_315' title='bbox 476 3915 517 3968; x_wconf 89' lang='lat' dir='ltr'><strong>die</strong></span> <span class='ocrx_word' id='word_1_316' title='bbox 540 3913 624 3967; x_wconf 86' lang='lat' dir='ltr'><strong>Kritik</strong></span> <span class='ocrx_word' id='word_1_317' title='bbox 646 3915 690 3967; x_wconf 86' lang='lat' dir='ltr'><strong>der</strong></span> <span class='ocrx_word' id='word_1_318' title='bbox 710 3914 812 3968; x_wconf 86' lang='lat' dir='ltr'><strong>Varron.</strong></span> <span class='ocrx_word' id='word_1_319' title='bbox 835 3914 935 3967; x_wconf 81' lang='lat' dir='ltr'><strong>Biicher</strong></span> <span class='ocrx_word' id='word_1_320' title='bbox 953 3916 985 3969; x_wconf 91' lang='lat' dir='ltr'><strong>de</strong></span> <span class='ocrx_word' id='word_1_321' title='bbox 1003 3917 1019 3969; x_wconf 92' lang='lat' dir='ltr'><strong>l.</strong></span> <span class='ocrx_word' id='word_1_322' title='bbox 1037 3917 1082 3970; x_wconf 85' lang='lat' dir='ltr'><strong>lat.</strong></span> <span class='ocrx_word' id='word_1_323' title='bbox 1104 3920 1210 3972; x_wconf 82' lang='lat'><strong>12-15.</strong></span> <span class='ocrx_word' id='word_1_324' title='bbox 1239 3917 1306 3970; x_wconf 89' lang='lat' dir='ltr'><strong>coni.</strong></span> <span class='ocrx_word' id='word_1_325' title='bbox 1330 3932 1407 3997; x_wconf 85' lang='lat' dir='ltr'><strong>supra</strong></span> 
     </span>
     <span class='ocr_line' id='line_1_39' title="bbox 257 3982 1407 4062; baseline 0.004 -29"><span class='ocrx_word' id='word_1_326' title='bbox 257 3998 282 4062; x_wconf 86' lang='lat' dir='ltr'><strong>p.</strong></span> <span class='ocrx_word' id='word_1_327' title='bbox 295 3982 360 4033; x_wconf 82' lang='lat' dir='ltr'>va</span> <span class='ocrx_word' id='word_1_328' title='bbox 373 3998 411 4050; x_wconf 85' lang='lat' dir='ltr'><strong>sq.</strong></span> <span class='ocrx_word' id='word_1_329' title='bbox 429 3983 574 4036; x_wconf 88' lang='lat' dir='ltr'><strong>huiusmodi</strong></span> <span class='ocrx_word' id='word_1_330' title='bbox 592 3983 747 4050; x_wconf 87' lang='lat' dir='ltr'><strong>glossemata</strong></span> <span class='ocrx_word' id='word_1_331' title='bbox 775 3998 841 4051; x_wconf 89' lang='lat' dir='ltr'><strong>quae</strong></span> <span class='ocrx_word' id='word_1_332' title='bbox 865 3982 983 4036; x_wconf 87' lang='lat' dir='ltr'><strong>dicuntur</strong></span> <span class='ocrx_word' id='word_1_333' title='bbox 1009 4001 1069 4038; x_wconf 88' lang='lat' dir='ltr'><strong>casu</strong></span> <span class='ocrx_word' id='word_1_334' title='bbox 1094 3987 1175 4052; x_wconf 82' lang='lat' dir='ltr'><strong>magis</strong></span> <span class='ocrx_word' id='word_1_335' title='bbox 1198 4002 1276 4054; x_wconf 88' lang='lat' dir='ltr'><strong>quam</strong></span> <span class='ocrx_word' id='word_1_336' title='bbox 1298 3985 1407 4040; x_wconf 86' lang='lat' dir='ltr'><strong>consilio</strong></span> 
     </span>
     <span class='ocr_line' id='line_1_40' title="bbox 258 4050 887 4118; baseline 0.005 -18"><span class='ocrx_word' id='word_1_337' title='bbox 258 4055 359 4101; x_wconf 84' lang='lat' dir='ltr'><strong>inrecta</strong></span> <span class='ocrx_word' id='word_1_338' title='bbox 378 4052 404 4101; x_wconf 92' lang='lat' dir='ltr'><strong>in</strong></span> <span class='ocrx_word' id='word_1_339' title='bbox 423 4051 494 4104; x_wconf 91' lang='lat' dir='ltr'><strong>nullo</strong></span> <span class='ocrx_word' id='word_1_340' title='bbox 513 4059 627 4104; x_wconf 86' lang='lat' dir='ltr'><strong>veterum</strong></span> <span class='ocrx_word' id='word_1_341' title='bbox 645 4052 769 4118; x_wconf 88' lang='lat' dir='ltr'><strong>scriptore</strong></span> <span class='ocrx_word' id='word_1_342' title='bbox 788 4050 887 4103; x_wconf 88' lang='lat' dir='ltr'><strong>desunt.</strong></span> 
     </span>
    </p>

    <p class='ocr_par' dir='ltr' id='par_1_13' title="bbox 328 4119 1410 4186">
     <span class='ocr_line' id='line_1_41' title="bbox 328 4119 1410 4186; baseline 0.003 -17"><span class='ocrx_word' id='word_1_343' title='bbox 328 4121 353 4180; x_wconf 77' lang='lat'><strong>2)</strong></span> <span class='ocrx_word' id='word_1_344' title='bbox 370 4125 483 4184; x_wconf 79' lang='lat' dir='ltr'><strong>argento</strong></span> <span class='ocrx_word' id='word_1_345' title='bbox 503 4135 566 4171; x_wconf 89' lang='lat' dir='ltr'><strong>corr.</strong></span> <span class='ocrx_word' id='word_1_346' title='bbox 583 4120 662 4186; x_wconf 74' lang='lat' dir='ltr'><strong>vulg,</strong></span> <span class='ocrx_word' id='word_1_347' title='bbox 685 4123 758 4170; x_wconf 85' lang='lat' dir='ltr'><strong>ocoto</strong></span> <span class='ocrx_word' id='word_1_348' title='bbox 777 4119 848 4184; x_wconf 86' lang='lat' dir='ltr'><strong>libri,</strong></span> <span class='ocrx_word' id='word_1_349' title='bbox 875 4119 939 4170; x_wconf 92' lang='lat' dir='ltr'><strong>illud</strong></span> <span class='ocrx_word' id='word_1_350' title='bbox 957 4134 1044 4173; x_wconf 84' lang='lat' dir='ltr'><strong>verum</strong></span> <span class='ocrx_word' id='word_1_351' title='bbox 1063 4135 1120 4173; x_wconf 89' lang='lat' dir='ltr'><strong>esse</strong></span> <span class='ocrx_word' id='word_1_352' title='bbox 1136 4120 1214 4171; x_wconf 84' lang='lat' dir='ltr'><strong>verba</strong></span> <span class='ocrx_word' id='word_1_353' title='bbox 1236 4122 1363 4186; x_wconf 83' lang='lat' dir='ltr'><strong>plumbeo</strong></span> <span class='ocrx_word' id='word_1_354' title='bbox 1383 4127 1410 4172; x_wconf 84' lang='lat' dir='ltr'><strong>ct</strong></span> 
     </span>
    </p>
   </div>
   <div class='ocr_carea' id='block_1_7' title="bbox 258 4187 1410 4325">
    <p class='ocr_par' dir='ltr' id='par_1_14' title="bbox 258 4187 1410 4325">
     <span class='ocr_line' id='line_1_42' title="bbox 258 4187 1410 4251; baseline 0.005 -15"><span class='ocrx_word' id='word_1_355' title='bbox 258 4191 385 4251; x_wconf 78' lang='lat' dir='ltr'><strong>argenteo</strong></span> <span class='ocrx_word' id='word_1_356' title='bbox 398 4187 503 4250; x_wconf 59' lang='lat' dir='ltr'><strong>doceam</strong></span> <span class='ocrx_word' id='word_1_357' title='bbox 522 4188 587 4240; x_wconf 86' lang='lat' dir='ltr'><strong>adde</strong></span> <span class='ocrx_word' id='word_1_358' title='bbox 604 4188 669 4240; x_wconf 89' lang='lat' dir='ltr'><strong>inira</strong></span> <span class='ocrx_word' id='word_1_359' title='bbox 688 4187 789 4239; x_wconf 87' lang='lat' dir='ltr'><strong>demum</strong></span> <span class='ocrx_word' id='word_1_360' title='bbox 806 4188 933 4240; x_wconf 82' lang='lat' dir='ltr'><strong>vocabula</strong></span> <span class='ocrx_word' id='word_1_361' title='bbox 970 4203 1016 4242; x_wconf 87' lang='lat' dir='ltr'><strong>uae</strong></span> <span class='ocrx_word' id='word_1_362' title='bbox 1034 4189 1082 4242; x_wconf 85' lang='lat' dir='ltr'><strong>sub</strong></span> <span class='ocrx_word' id='word_1_363' title='bbox 1101 4203 1246 4240; x_wconf 87' lang='lat' dir='ltr'><strong>mensuram</strong></span> <span class='ocrx_word' id='word_1_364' title='bbox 1264 4190 1410 4244; x_wconf 87' lang='lat' dir='ltr'><strong>succedunt</strong></span> 
     </span>
     <span class='ocr_line' id='line_1_43' title="bbox 258 4204 1121 4325; baseline 0.001 -19"><span class='ocrx_word' id='word_1_365' title='bbox 258 4254 352 4316; x_wconf 84' lang='lat' dir='ltr'><strong>notari;</strong></span> <span class='ocrx_word' id='word_1_366' title='bbox 372 4256 520 4321; x_wconf 89' lang='lat' dir='ltr'><strong>praeposuit</strong></span> <span class='ocrx_word' id='word_1_367' title='bbox 538 4271 598 4322; x_wconf 87' lang='lat' dir='ltr'><strong>ergo</strong></span> <span class='ocrx_word' id='word_1_368' title='bbox 616 4255 731 4323; x_wconf 87' lang='lat' dir='ltr'><strong>exempla</strong></span> <span class='ocrx_word' id='word_1_369' title='bbox 749 4271 816 4324; x_wconf 85' lang='lat' dir='ltr'><strong>quae</strong></span> <span class='ocrx_word' id='word_1_370' title='bbox 834 4257 881 4309; x_wconf 87' lang='lat' dir='ltr'><strong>sub</strong></span> <span class='ocrx_word' id='word_1_371' title='bbox 899 4204 1001 4325; x_wconf 47' lang='lat' dir='ltr'><strong>pondus</strong></span> <span class='ocrx_word' id='word_1_372' title='bbox 1018 4256 1121 4309; x_wconf 89' lang='lat' dir='ltr'><strong>cadunt.</strong></span> 
     </span>
    </p>
   </div>
   <div class='ocr_carea' id='block_1_8' title="bbox 0 0 1524 5048">
    <p class='ocr_par' dir='ltr' id='par_1_15' title="bbox 0 0 1524 5048">
     <span class='ocr_line' id='line_1_44' title="bbox 0 0 1524 5048; baseline 0 0"><span class='ocrx_word' id='word_1_373' title='bbox 0 0 1524 5048; x_wconf 95' lang='lat' dir='ltr'><strong> </strong></span> 
     </span>
    </p>
   </div>
  </div>
 </body>
</html>
