3038 5048
276 253 335 346 rso
597 285 711 342 ursus
728 286 918 343 sunrmus.
953 287 971 355 θ
989 290 1099 342 rs-ar.

403 460 484 525 Fili
506 459 670 542 Potoni,
695 460 962 542 sesquisenex
984 480 1160 545 puerum.

121 561 349 627 n·³1⁷sr·¹tDic
370 567 410 626 tn
431 561 546 626 illam
568 562 719 628 Pusam.
750 563 810 628 sic
830 562 935 629 fient
957 569 1089 630 mutua
1110 563 1225 647 muli;

400 662 500 729 Nam
521 684 617 732 vore
639 684 761 751 pnsus
783 671 842 746 tu,
865 672 933 730 tua
955 665 1085 731 amica
1105 684 1241 731 senex.
1493 738 1500 751 .

168 763 251 842 §29
274 766 364 833 Idem
388 765 528 834 ostendit
550 766 637 848 quod
659 766 812 852 oppidum
835 773 967 832 vocatur
989 766 1156 851 Casinum3
1190 765 1250 833 hoc
1272 767 1360 833 enim
1382 770 1429 835 ab

275 867 404 936 Sabinis
426 868 487 936 orti
509 869 670 936 Samnites
693 874 861 935 tenuerunt
886 873 919 934 et
947 865 1051 953 [nnnc]
1082 869 1183 936 nostri
1212 869 1310 935 etiam
1340 882 1469 936 nuncs

123 970 380 1036 coronariorum
409 978 502 1037 vetus
532 972 707 1056 appellant.
751 972 831 1037 Item
861 970 1019 1052 significat
1047 971 1080 1035 in
1108 970 1268 1037 Atellanis
1297 970 1430 1053 aliquot

274 1075 420 1159 Pappum
442 1093 553 1139 senem
576 1072 662 1155 quod
684 1070 758 1139 Osci
781 1072 904 1140 Casnar
925 1074 1100 1159 appellant.

168 1169 251 1247 §30
358 1176 455 1260 Apud
477 1175 648 1241 Lucilium:

428 1277 531 1357 Quid
567 1277 645 1343 tibi
682 1296 755 1360 ego
792 1276 982 1359 ambages
1012 1276 1178 1343 Ambivi
1210 1277 1427 1344 scribere

790 1461 792 1466 ³
1192 1379 1336 1444 coner?
1453 1392 1481 1443 ro

274 1482 459 1548 Profectum
481 1503 501 1547 a
523 1480 621 1547 verbo
637 1480 750 1563 Ambe,
773 1480 860 1562 quod
881 1478 965 1546 inest
986 1480 1020 1545 in
1041 1482 1164 1558 ambitu
1186 1484 1220 1546 et
1240 1480 1426 1548 ambitioso.

169 1582 189 1660 ξ
212 1583 250 1644 31
360 1583 456 1667 Apud
479 1582 639 1648 Valerium
663 1579 835 1648 Soranum:

428 1685 549 1751 Vetus
571 1684 721 1768 adagio
744 1689 822 1751 est:
845 1684 959 1746 nodum
981 1685 1013 1746 in
1035 1684 1176 1770 scirpo,

276 1786 362 1869 quod
384 1786 518 1853 verbum
539 1805 640 1868 usque
663 1806 700 1853 eo
724 1786 870 1869 evanuit,
903 1789 938 1850 ut
964 1805 1115 1870 graecum
1141 1806 1198 1869 pro
1220 1805 1258 1852 eo
1282 1786 1426 1871 positum

275 1889 377 1972 magis
407 1889 449 1954 sit
477 1895 639 1973 apertnm;
673 1909 748 1954 nam
776 1889 863 1955 idem
893 1892 941 1954 est
970 1887 1057 1969 quod
1086 1891 1273 1973 1παροιμίαν
1304 1897 1424 1956 vocant
1448 1903 1477 1952 15

275 1989 399 2075 Graeci,
421 1996 456 2054 ut
478 1996 541 2057 est:
1017 1994 1019 1998 ’

273 2135 318 2141 ..-
704 2123 1094 2144 .-..-l.-.--—-—--—

345 2215 357 2265 1
371 2211 418 2276 fili]
431 2212 500 2280 phili
509 2211 566 2280 Vp,
583 2211 641 2265 filia
653 2211 790 2280 Popma,
809 2210 896 2265 Casca
907 2210 994 2280 vulg.
1008 2228 1046 2266 ex
1058 2210 1242 2283 Panteputbo.
1261 2242 1294 2249 -
1310 2214 1425 2281 potonis

275 2312 312 2350 es.
326 2298 372 2365 qui
392 2313 475 2352 senex
492 2297 524 2365 F,
543 2313 612 2350 corr.
633 2295 829 2363 Turnebus,
859 2296 968 2363 petroni
986 2297 1072 2351 idem
1086 2338 1092 2350 .
1105 2295 1151 2351 ‘un
1168 2290 1334 2367 Pompouii'
1347 2298 1423 2368 LSp.

276 2411 309 2418 —
329 2383 424 2446 Casca,
442 2383 581 2437 Philotoni
598 2397 680 2451 sapsa
697 2396 782 2435 senex
798 2397 912 2450 puerum
931 2381 1124 2451 Scioppius.
1144 2412 1176 2420 -
1196 2387 1211 2435 2
1229 2383 1281 2435 Dic
1299 2387 1329 2435 tu
1346 2382 1426 2438 illam

275 2471 380 2534 pnsum]
400 2466 583 2522 Turnebus
601 2473 629 2520 et
646 2467 701 2519 nisi
717 2465 793 2535 quod
809 2465 889 2519 ellam
907 2466 1112 2536 Scioppius,
1139 2467 1207 2521 dicit
1228 2483 1326 2535 pnsum
1343 2470 1424 2537 puel-

275 2551 329 2604 lam
347 2568 444 2620 pusam
461 2551 558 2619 libri,
582 2551 643 2605 dice
664 2551 740 2605 illam
760 2567 856 2620 pusam
874 2551 1012 2618 Miiller,
1039 2551 1084 2605 dic
1105 2567 1190 2620 pusus
1212 2568 1309 2620 pusnm
1332 2552 1424 2607 Dilb-

275 2651 333 2688 ner
350 2636 444 2689 Zschr.
465 2635 484 2689 f.
503 2637 601 2690 Alteri.
623 2639 686 2690 1837
711 2652 738 2705 p.
760 2639 800 2688 12.
826 2636 1002 2705 sesquisenex
1020 2657 1061 2684 n
1083 2641 1207 2706 [puerum
1225 2636 1293 2690 dicit
1314 2654 1423 2707 pnsum,

274 2720 393 2787 puellam
409 2726 524 2788 punam],
543 2727 573 2775 ut
584 2721 744 2791 posteriora
760 2719 903 2774 deleantur
920 2727 948 2774 et
964 2720 1059 2773 mutila
1076 2721 1131 2773 sint
1146 2731 1244 2790 poetae
1256 2721 1337 2776 verbe
1349 2723 1424 2793 LSp.

276 2834 308 2840 —
326 2804 400 2868 fient]
420 2806 498 2874 LSp,
522 2805 569 2860 fiet
591 2804 683 2860 libri.
706 2835 739 2844 -
766 2809 889 2860 mutuam
905 2805 1043 2859 mulinam.
1061 2821 1127 2860 nere
1144 2805 1178 2873 F,
1204 2822 1274 2859 corr.
1292 2806 1423 2861 Panta-

275 2891 415 2956 gathus,
432 2890 526 2958 vulg,
544 2891 650 2944 mutina
666 2890 769 2945 mulina
787 2906 852 2944 uere
870 2891 902 2958 B,
921 2894 951 2943 nt
970 2890 1009 2944 sic
1027 2907 1090 2945 vere
1106 2891 1240 2945 Laetus.
1270 2922 1299 2930 —
1327 2896 1342 2946 3
1361 2897 1422 2959 tua]

276 2977 325 3026 aut
343 2974 463 3028 GHab.
481 3004 516 3013 -
534 2991 617 3029 senex
634 2993 705 3030 corr.
724 2980 756 3030 ut
773 2976 825 3030 oid.
843 2991 881 3029 ex
898 2981 975 3029 setex
992 2975 1015 3027 F
1034 2975 1125 3041 (Keil),
1143 2992 1227 3030 senex
1244 2978 1325 3031 etiam
1343 2977 1423 3032 Pris-

275 3057 349 3110 ciani
365 3057 396 3124 P,
422 3059 500 3111 cairus
523 3061 605 3112 ceteri
628 3061 693 3115 libri
714 3076 797 3115 senex
820 3064 874 3128 est,
901 3060 973 3112 urzde
997 3064 1108 3113 senexst
1129 3061 1219 3128 vulg.
1246 3092 1279 3100 -
1305 3061 1422 3127 iidem]

275 3140 417 3210 FMVap,
439 3143 504 3198 item
522 3144 592 3198 alii.
610 3141 692 3200 ‘idem
709 3145 733 3198 st'
750 3152 822 3198 reete
839 3143 969 3197 traditum
988 3150 1035 3208 est,
1054 3152 1263 3200 conusentaneum
1281 3153 1321 3201 est
1337 3148 1422 3200 etiam

275 3242 302 3294 p.
323 3229 381 3293 129,
400 3231 428 3280 11
452 3244 509 3298 pro
527 3228 592 3282 item
609 3229 801 3300 corripendum
818 3245 875 3283 esse
892 3221 977 3281 idem'
996 3229 1114 3283 Groth.
1133 3259 1167 3267 —
1185 3230 1315 3294 casinum]
1334 3231 1421 3284 cassi-

275 3326 340 3363 num
358 3311 426 3365 GH.
445 3313 474 3366 in
491 3329 579 3384 marn.
598 3314 620 3366 F
639 3331 709 3368 marr.
724 3315 819 3384 prima
836 3312 901 3367 Not.
920 3312 996 3382 conf.
1016 3313 1078 3383 LSp
1098 3303 1172 3368 Uber
1190 3316 1217 3367 d.
1230 3315 1300 3368 Krit.
1318 3331 1345 3382 p.
1359 3319 1420 3369 434.

277 3427 307 3434 —
328 3401 342 3450 5
361 3397 482 3452 samnites
499 3416 527 3467 p.
546 3430 579 3438 -
596 3404 680 3463 nunc]
698 3399 748 3452 del.
768 3399 838 3468 LSp.
856 3399 924 3468 fort.
939 3399 1080 3469 posterius
1097 3398 1148 3452 del.
1175 3430 1209 3437 —
1236 3399 1318 3454 etiam
1335 3406 1420 3464 nunc]

276 3482 349 3534 unde
367 3486 394 3536 et
411 3481 549 3551 Laetus,
568 3484 601 3536 B.
619 3515 652 3522 -
671 3488 686 3536 6
704 3483 802 3549 iorum]
821 3483 944 3538 casinum
962 3482 1050 3538 iorum
1068 3484 1204 3538 Laetus.
1222 3513 1258 3522 —
1275 3483 1419 3552 significat]

277 3565 338 3633 Ha,
356 3567 506 3634 significavi
522 3568 555 3636 B,
574 3567 728 3636 significant
746 3568 778 3621 F.
797 3599 831 3607 -
848 3569 959 3637 aliquod
978 3569 1038 3637 Hp.
1065 3600 1096 3607 -
1121 3574 1135 3621 l
1154 3585 1257 3638 pupum
1275 3570 1418 3625 Laetus.

274 3680 309 3689 —
335 3657 435 3715 senem]
453 3651 487 3706 de
510 3654 729 3722 interpunctione
751 3653 803 3708 oid.
824 3655 944 3708 Christ
960 3653 1059 3709 Philol.
1077 3653 1142 3707 XVI
1159 3672 1185 3723 p.
1205 3659 1264 3709 451.
1352 3655 1418 3721 osci]

276 3736 339 3789 ostii
351 3735 383 3802 F,
401 3736 485 3792 hostii
501 3753 529 3804 p,
547 3738 617 3792 oscii
626 3738 659 3792 V.
678 3735 756 3808 ‘sort
771 3730 852 3793 Osce'
867 3739 936 3805 LSp.
955 3738 995 3792 sie
1012 3740 1094 3793 etiarn
1105 3740 1289 3793 Mommsen
1300 3739 1418 3794 Unterit.

276 3819 346 3873 Dial.
364 3839 392 3890 p.
412 3825 468 3875 268.
488 3825 546 3875 349.
573 3852 607 3860 -
634 3837 732 3876 cernar
751 3823 818 3876 GH.
847 3854 879 3861 —
906 3823 1054 3891 appellant.
1073 3813 1169 3891 parurin
1191 3825 1275 3879 deest.
1294 3825 1368 3893 apud
1386 3825 1417 3877 B.

275 3933 308 3942 —-
336 3906 485 3971 9Ambivi]
505 3907 597 3960 ambui
614 3907 637 3959 F
656 3907 751 3974 (Keil),
778 3907 909 3962 ambqu
933 3908 1049 3975 (Grotb),
1076 3908 1168 3961 ambui
1186 3923 1217 3974 a,
1244 3909 1364 3978 ambigui
1379 3910 1419 3977 M,

275 4005 346 4042 eorr.
373 3991 511 4046 Laetus.
538 3992 614 4061 conf.
632 3989 775 4045 Ritschl
797 3991 907 4061 Parerg.
933 4009 961 4061 p.
988 3997 1035 4047 181
1060 3993 1123 4046 adn.
1152 4022 1184 4030 —
1214 3996 1364 4049 sanonum
1389 3994 1420 4047 in

276 4073 375 4142 scirpo]
394 4076 506 4140 conieci,
523 4091 576 4144 op.
588 4075 672 4144 scipio
690 4076 789 4143 libri,
817 4079 960 4146 opscurior
977 4076 1094 4144 Bergk
1110 4075 1207 4129 Philol.
1226 4077 1340 4145 XXXII,
1358 4082 1418 4132 561.

275 4156 429 4211 addendum
444 4161 515 4230 fort.
534 4161 650 4229 quaeris.
669 4159 703 4214 de
714 4164 861 4231 paroemia
873 4163 950 4234 conf.
963 4163 1035 4217 Enn.
1050 4163 1099 4213 sat.
1113 4163 1154 4224 46,
1173 4159 1262 4215 Plaut.
1275 4163 1348 4217 Men.
1359 4168 1419 4232 247,

276 4240 338 4294 Ter.
362 4243 448 4297 Andr.
473 4249 532 4313 941,
557 4245 634 4301 Fest.
657 4247 707 4299 330
731 4245 749 4299 b
773 4250 788 4300 9
812 4263 869 4317 sqq.
897 4278 930 4288 —
960 4251 990 4301 15
1013 4245 1087 4300 idom
1108 4247 1159 4308 ost]
1184 4243 1323 4314 Miller,
1349 4249 1379 4301 id
1404 4256 1419 4302 e
