3038 5048
266 310 327 369 216
618 308 732 367 LIBER
747 309 880 367 NONUS.
916 311 1061 378 664-67.

265 483 313 551 sic
335 502 417 550 unae
431 482 533 564 Bigae
555 488 587 548 ct
609 481 706 550 binae
728 488 761 549 et
782 483 884 550 trinae
899 482 1010 568 Bigae,
1032 481 1078 549 sic
1099 481 1268 568 deinceps,
1317 481 1430 562 Quare

265 592 332 652 tam
355 584 418 652 Uni
440 589 472 651 et
494 583 586 650 Unac
608 589 641 652 et
662 585 736 653 Una
757 583 993 666 quedammodo
1014 583 1190 666 singularia
1212 590 1304 669 suut,
1328 603 1429 668 quam

265 686 356 754 Unus
384 691 417 751 ct
444 685 518 753 Una
546 691 578 753 et
605 685 727 771 Unum,
764 686 825 753 hoc
854 685 948 754 modo
977 690 1096 770 mutat,
1134 684 1223 767 quod
1252 686 1367 754 altera
1394 686 1427 754 in

265 787 495 873 singularibus,
518 788 620 854 altera
642 788 675 856 in
698 787 876 856 coniunctis
898 789 1009 870 rebus,
1033 794 1065 853 et
1086 791 1120 852 ut
1142 787 1216 854 Duo
1239 789 1326 855 Tria
1351 794 1427 856 sunt

156 893 239 973 §65
264 887 491 970 multitudinis,
533 889 580 954 sic
614 888 697 955 Bina
732 888 839 956 Trina.
904 891 962 956 Est
994 888 1120 956 tertium
1150 907 1284 972 quoque
1320 904 1458 975 gennss

110 1009 142 1060 6.
152 1007 255 1062 enasse)
265 990 427 1074 singulare
459 992 552 1057 utin
580 989 798 1073 multitudine,
827 991 922 1074 Uter,
955 991 989 1057 in
1018 1009 1082 1073 quc
1110 990 1331 1059 multitudinis
1367 989 1426 1081 [ut]

266 1093 373 1177 Utrei3
415 1091 494 1158 Uter
529 1099 627 1177 poeta
654 1093 822 1177 singulari,
862 1092 933 1160 Utri
962 1097 1078 1177 poetae
1111 1091 1331 1160 multitudinis
1365 1101 1426 1162 est

265 1193 335 1272 Qua
364 1195 525 1279 explicata
552 1202 666 1261 natura
694 1201 829 1280 apparet
861 1215 925 1261 non
960 1192 1079 1262 debere
1111 1192 1218 1261 omnia
1254 1195 1427 1264 vocabula

263 1294 475 1364 multitudinis
503 1296 623 1363 habere
650 1317 709 1381 par
737 1297 913 1382 singularc3
952 1315 1062 1364 omnes
1097 1294 1182 1363 enim
1214 1297 1349 1363 numeri
1382 1298 1426 1366 ab

265 1396 390 1466 duobus
418 1417 527 1465 susum
555 1416 667 1463 versus
695 1396 908 1464 multitudinis
941 1405 1015 1465 sunt
1048 1415 1152 1479 neque
1184 1416 1301 1463 eurum
1327 1400 1424 1482 quis·
1447 1413 1473 1466 tu

264 1521 361 1584 quam
384 1500 503 1566 habere
529 1504 635 1581 potest
662 1499 825 1579 singulare
849 1519 988 1585 compar.
1029 1499 1150 1565 Iniuria
1175 1497 1276 1582 igitur
1306 1506 1425 1585 postu·

262 1603 341 1686 lant,
364 1601 391 1667 si
414 1621 478 1684 qua
499 1599 563 1666 sint
584 1600 768 1685 singularia,
790 1607 937 1686 oportere
959 1602 1079 1669 habere
1100 1598 1330 1670 multitudinis.

156 1707 175 1783 ξ
199 1708 239 1770 66
349 1710 399 1769 46.
421 1703 502 1768 Item
525 1701 580 1784 qui
602 1702 846 1788 reprehendunt,
869 1702 956 1788 quod
977 1724 1041 1770 non
1063 1701 1188 1769 dicatur
1209 1707 1244 1768 ut
1261 1702 1424 1788 Unguen-

261 1809 329 1871 tum
353 1806 532 1889 Unguenta,
556 1804 671 1870 Vinum
693 1805 786 1891 Vina,
808 1805 854 1872 sic
877 1809 1012 1873 Acetum
1034 1805 1144 1887 Aeeta,
1168 1804 1292 1871 Garum
1316 1805 1423 1892 uara,

260 1907 381 1974 iaciunt
408 1907 555 1992 imperite
562 1957 570 1990 ,
604 1906 659 1990 qui
687 1907 734 1972 ibi
763 1906 947 1975 desiderant
970 1905 1182 1973 multitudinis
1203 1906 1421 1993 vccabulum,
1444 1925 1470 1976 15

261 2026 344 2091 quae
372 2009 431 2075 sub
460 2028 641 2076 mensuram
670 2028 709 2074 ac
736 2008 880 2095 pondera
908 2008 1133 2094 potiusquam
1161 2007 1220 2074 sub
1242 2026 1422 2079 numerum

106 2109 449 2194 ‹numnusuccedunc
473 2111 601 2178 namin
623 2111 766 2196 plumbo,
791 2108 893 2197 [cleu]
917 2116 1058 2196 argento,
1085 2129 1158 2176 eum
1178 2109 1422 2179 incrementum

258 2214 409 2296 accessit,
444 2213 577 2281 dicimus
607 2207 713 2298 [enim]
745 2214 878 2279 multum
911 2208 1048 2297 [oleum]
1079 2211 1126 2278 sic
1149 2211 1282 2277 multum
1307 2214 1419 2298 plum-

259 2315 345 2400 bum,
369 2322 551 2401 argentum3
573 2335 637 2382 non
660 2310 772 2400 [multa
794 2310 877 2400 olea]
900 2315 1042 2399 plumba,
1064 2318 1206 2399 argenta,
1228 2334 1303 2381 cum
1327 2335 1419 2398 quae

258 2437 299 2483 ex
328 2417 416 2484 hisce
445 2417 538 2500 fiant,
572 2415 715 2506 dicamus
746 2415 904 2482 Plumbes
932 2422 964 2481 et
991 2414 1166 2500 Argentum
1203 2414 1294 2482 aliud
1325 2421 1418 2486 enim
1442 2435 1471 2486 uu

258 2538 331 2585 cum
353 2525 553 2602 argenteum
584 2537 658 2583 num
680 2515 716 2583 id
737 2524 804 2584 tum
827 2538 898 2584 cum
921 2517 985 2583 iam
1007 2537 1079 2601 vas3
1102 2521 1288 2602 argenteum
1312 2521 1415 2608 enim,

258 2618 286 2684 si
309 2619 461 2703 pocillum
482 2624 538 2686 aut
559 2618 636 2701 quid
658 2619 752 2704 item;
780 2619 867 2701 quod
888 2619 1007 2704 pocula
1028 2624 1182 2704 argentea
1203 2620 1321 2703 multa,
1345 2641 1415 2690 non

150 2721 171 2801 §
194 2724 233 2789 67,
258 2720 344 2802 quod
366 2726 532 2804 argentum
553 2720 696 2788 multum.
754 2720 820 2806 Ea,
842 2726 958 2788 natura
977 2721 1012 2786 iu
1033 2722 1148 2804 quibus
1175 2727 1225 2789 est
1247 2743 1412 2810 mensura,

256 2843 320 2889 non
341 2841 506 2906 numerus,
538 2822 567 2888 si
594 2840 713 2903 genera
740 2822 774 2888 in
801 2841 838 2890 se
866 2822 986 2891 habent
1013 2824 1107 2909 plura
1128 2829 1161 2890 et
1182 2844 1222 2890 ea
1248 2824 1283 2889 in
1311 2844 1412 2894 usum

340 3005 372 3061 F.
391 3005 438 3060 fol.
458 3006 526 3060 261).
545 3008 573 3061 et
590 3011 719 3076 argentea

1324 3141 1406 3151 -—

340 3211 355 3261 2
373 3207 422 3262 uni
439 3212 467 3264 et
484 3212 564 3274 unae]
588 3208 625 3277 G,
650 3225 722 3265 unae
740 3215 768 3266 et
785 3211 833 3265 uni
850 3209 884 3265 F.
910 3240 944 3247 -
971 3202 1082 3279 4‘fort.
1104 3210 1187 3265 rebus
1206 3215 1248 3265 set
1265 3204 1309 3268 ut'
1331 3213 1405 3284 LSp.

253 3341 287 3351 -
307 3313 322 3364 6
340 3309 477 3378 singulare
493 3309 523 3364 in
539 3310 715 3367 multitudine
732 3317 763 3369 ut
781 3315 842 3367 uter
859 3310 990 3365 Mitller.
1019 3341 1052 3351 -
1079 3316 1092 3364 1
1112 3312 1193 3376 utrei]
1204 3282 1290 3368 'turre
1316 3315 1360 3368 .1.
1381 3315 1405 3370 F

255 3395 327 3462 (Keil
344 3407 371 3451 et
387 3395 480 3466 666),
504 3400 535 3450 ut
558 3399 637 3451 utrae
654 3398 685 3451 16
702 3401 746 3454 est
762 3413 833 3452 corr.
852 3413 889 3452 ex
906 3400 986 3452 utrae
1002 3395 1032 3450 16
1050 3400 1093 3452 est
1110 3396 1133 3450 F
1151 3397 1268 3466 (Groth),
1291 3401 1323 3453 ut
1340 3404 1406 3456 utre

255 3481 298 3535 .1.
321 3480 426 3549 MVa,
451 3485 483 3537 ut
504 3485 582 3536 utrae
601 3482 643 3551 .l.
663 3482 702 3551 G,
729 3487 761 3539 ut
778 3487 857 3538 utrae
873 3482 904 3537 id
920 3485 963 3537 est
979 3481 1020 3550 H,
1046 3485 1077 3537 ut
1094 3481 1150 3537 utri
1167 3486 1246 3537 utrae
1264 3482 1404 3540 Mtlller.

253 3585 388 3655 utsupra
405 3585 498 3655 script.
520 3583 550 3637 iu
571 3583 595 3638 F
619 3584 671 3639 del.
690 3585 762 3655 LSp.
789 3617 823 3624 —
852 3588 866 3639 8
885 3551 997 3640 uocab'al
1013 3583 1037 3638 F
1056 3583 1146 3652 (Keil),
1172 3583 1310 3640 uocabula
1327 3601 1402 3641 corr.

251 3684 289 3723 ex
307 3669 416 3724 uocalis
433 3674 466 3723 ut
483 3668 535 3725 uid.
554 3668 577 3723 F
596 3671 713 3737 (Groth).
740 3701 775 3710 —
803 3674 834 3724 12
853 3669 908 3725 sint
926 3668 1083 3736 singularia]
1108 3663 1184 3739 ‘foru
1204 3669 1260 3724 sint
1277 3670 1402 3726 multitu·

252 3752 337 3823 dinis,
366 3756 494 3824 opertere
520 3754 622 3810 habere
649 3755 800 3825 singularia
826 3758 854 3810 et
880 3754 904 3808 si
930 3769 984 3822 qua
1007 3754 1063 3809 sint
1087 3749 1246 3823 singularia’
1272 3755 1344 3825 166.
1368 3787 1403 3798 -

252 3843 284 3893 15
298 3833 379 3909 ‘fort
399 3838 529 3908 quodibi
547 3835 716 3896 desiderent’
734 3841 806 3912 166.
834 3870 868 3880 -
897 3843 926 3894 11
946 3839 1005 3894 6166
1024 3844 1051 3894 et
1067 3838 1146 3908 infra
1164 3839 1252 3895 oleum
1270 3845 1297 3895 et
1313 3841 1402 3898 multa

250 3923 311 3978 olea
328 3924 439 3979 seclusit
455 3924 518 3994 166
537 3925 686 3982 comment.
711 3943 738 3995 6.
758 3929 782 3980 8.
807 3923 937 3995 equibus
958 3923 1045 3979 multa
1065 3923 1172 3980 uidetur
1188 3925 1294 3979 servari
1306 3941 1402 3997 posse.

250 4035 282 4045 -
310 4011 432 4077 argento]
450 4012 529 4064 aceto
547 4009 580 4078 F,
603 4027 674 4065 corr.
693 4011 779 4079 vulg.
807 4040 840 4048 —
870 4013 900 4064 18
919 4009 1000 4073 enim]
1018 4008 1070 4063 del.
1088 4009 1201 4063 Aldus.
1228 4003 1307 4079 ‘fort
1327 4009 1401 4080 enim

249 4090 365 4147 multum
383 4094 472 4149 oleum
489 4087 550 4148 dcl?
568 4095 641 4164 166.
659 4125 692 4134 -
712 4099 741 4148 21
762 4097 904 4162 argentum
921 4094 994 4150 enim
1010 4092 1043 4162 F,
1061 4110 1133 4149 coru.
1151 4091 1237 4161 vulg.
1256 4109 1296 4148 eoe
1312 4094 1345 4148 Β.
1364 4125 1400 4136 -

251 4178 283 4229 22
302 4181 432 4245 argentea
456 4179 551 4243 multa]
574 4173 652 4243 ‘fort
678 4179 780 4247 multa,
806 4172 1043 4248 argentca'fflsp.
1070 4210 1105 4218 -
1133 4181 1165 4232 23
1182 4180 1292 4242 natura]
1315 4171 1396 4248 ‘fort

250 4255 351 4316 autem'
371 4260 446 4331 LSp3
464 4263 518 4318 nisi
533 4271 661 4336 praestat
679 4266 783 4320 contra.
802 4294 835 4304 —
854 4267 887 4319 24
904 4263 988 4318 habet
1004 4262 1036 4330 F,
1054 4279 1127 4318 cerr.
1144 4262 1279 4318 Laetus.
