3038 5048
249 282 312 342 248
576 279 691 336 amau
708 279 881 337 oncruus.
916 281 933 349 q
952 284 1062 336 ss-ur.

437 450 499 506 1110
518 448 665 506 DESUNT
683 448 795 506 FOLIA
814 449 903 505 TRIA
920 449 960 505 IN
978 448 1208 504 FXFMPLARI.
1257 492 1261 503 .

141 548 162 627 ξ
185 546 226 610 35
250 592 257 608 .
281 592 288 607 .
313 590 320 605 .
345 537 613 622 quemadmodum
636 534 845 622 declinamus,
868 537 1049 619 quaerimus
1071 557 1163 604 casus
1186 537 1273 620 eins,
1300 536 1402 603 etiam

250 641 328 710 siis
351 641 406 724 qui
426 640 519 707 finxit
539 646 637 724 poeta
658 639 789 725 aliquod
803 639 994 705 vocabulum
1015 644 1047 707 et
1069 640 1111 706 ab
1134 659 1172 706 eo
1195 657 1308 705 casum
1330 638 1404 723 ipse

250 744 392 827 aliquem
405 761 573 828 perperam
588 740 772 825 declinavit,
793 741 899 824 potius
921 759 993 806 eum
1014 740 1280 824 reprehendimus
1302 759 1404 823 quam

250 845 424 932 sequimur.
469 843 569 925 Igitur
591 842 673 911 ratio
697 861 792 925 quam
809 841 880 909 dico
903 842 1082 926 utrubique,
1105 841 1192 909 etin
1214 843 1266 909 his
1288 844 1435 911 verbius

251 968 334 1032 quae
355 945 558 1031 imponuntur
579 949 613 1012 et
633 944 667 1011 in
688 944 739 1010 his
762 965 845 1029 quae
868 944 1066 1011 declinantur
1087 965 1190 1030 neque
1212 966 1278 1012 non
1301 946 1403 1012 etiam

143 1057 162 1137 ξ
186 1058 225 1120 36
251 1049 345 1116 tertia
366 1047 440 1130 illa,
475 1065 557 1130 quae
580 1067 621 1114 ox
642 1051 778 1129 utroque
800 1045 951 1113 miscetur
971 1065 1099 1130 genere.
1157 1048 1300 1127 Quarum
1322 1067 1402 1114 una·

250 1169 397 1235 quaeque
425 1149 507 1216 ratio
535 1149 653 1216 collata
682 1169 753 1215 cum
782 1149 884 1215 altera
912 1154 968 1214 aut
994 1147 1108 1215 similis
1142 1155 1197 1215 aut
1220 1149 1401 1233 dissimilis,

249 1259 305 1319 aut
337 1271 436 1335 saepe
468 1252 568 1318 verba
601 1251 681 1332 alia,
715 1249 796 1317 ratio
830 1249 961 1331 eadem,
994 1256 1026 1316 et
1057 1269 1284 1333 nonnunquam
1316 1251 1401 1318 ratio

250 1353 334 1438 alia,
367 1354 468 1421 verba
497 1351 620 1420 eadem.
665 1350 754 1430 Quae
780 1351 862 1417 ratio
892 1352 924 1416 in
946 1354 1045 1418 Amor
1066 1353 1191 1435 Amori,
1226 1353 1345 1419 eadem
1368 1353 1402 1419 in
1422 1362 1448 1414 ro

249 1457 351 1523 Dolor
373 1455 495 1538 Dolori,
517 1473 622 1537 neque
645 1453 759 1520 eadem
782 1454 814 1519 in
830 1454 932 1520 Dolor
948 1455 1109 1537 Dolorem,
1132 1460 1164 1520 et
1186 1473 1259 1520 cum
1282 1455 1400 1522 eadem

95 1558 330 1632 (prosperatio
353 1576 436 1639 quae
458 1563 507 1623 est
529 1556 562 1622 in
583 1558 684 1622 Amor
707 1562 738 1623 et
760 1556 886 1622 Amoris
909 1556 1006 1623 sitin
1028 1557 1162 1622 Amores
1185 1560 1217 1623 et
1232 1557 1400 1640 Amorum,

249 1665 357 1726 tamen
388 1678 441 1742 ea,
480 1657 566 1741 qnod
594 1678 656 1724 non
684 1658 716 1723 in
746 1677 786 1724 ea
814 1677 878 1740 qua
907 1663 1033 1741 oportet
1061 1660 1219 1724 confertur
1251 1658 1399 1737 materia,

248 1779 363 1845 perse
386 1761 490 1825 solum
513 1758 639 1825 efficere
661 1779 724 1826 non
746 1765 854 1845 potest
881 1759 1049 1844 analogias
1078 1763 1208 1844 propter
1236 1757 1399 1844 disparili·

248 1866 347 1927 tatem
381 1859 469 1927 vocis
501 1858 690 1945 figurarum,
728 1861 814 1945 quod
846 1862 980 1928 verbum
1012 1861 1195 1946 copulatum
1231 1860 1398 1944 singulare
1421 1872 1447 1923 15

172 1994 177 2008 ·
250 1981 323 2029 curn
346 1961 565 2045 multitudine;
589 1963 636 2029 ita
658 1983 731 2030 curn
753 1968 802 2031 est
823 1964 1041 2049 proportione,
1064 1968 1099 2030 ut
1121 1962 1255 2030 eandem
1277 1961 1401 2030 habeat

234 2063 421 2147 rationem,
455 2070 522 2131 tum
556 2064 695 2149 denique
729 2085 768 2132 ea
800 2066 883 2133 ratio
915 2064 1040 2132 conficit
1071 2062 1107 2130 id
1139 2064 1224 2146 quod
1253 2066 1401 2148 postulat

133 2168 136 2173 ’
249 2166 410 2250 analogia,
433 2164 473 2233 de
497 2186 561 2250 qua
583 2167 734 2253 deinceps
756 2167 870 2235 dicam.

140 2279 220 2359 §37
332 2272 361 2335 3.
400 2268 550 2351 Sequitur
571 2269 682 2336 tertius
704 2269 810 2354 locus,
834 2288 915 2354 quae
939 2269 980 2334 sit
1002 2268 1083 2335 ratio
1105 2267 1326 2354 proportione3
1358 2288 1401 2335 ea

246 2390 363 2455 graece
395 2377 529 2438 vocatur
562 2362 740 2455 ἀνάλογον,
778 2372 820 2437 ab
854 2372 991 2456 analogo
1025 2369 1111 2437 dicta
1142 2369 1301 2451 analogia.
1346 2371 1399 2436 Ex
1421 2382 1449 2432 ao

247 2471 362 2539 eodem
397 2493 515 2558 genere
553 2493 635 2557 quae
671 2493 722 2540 res
758 2472 840 2539 inter
876 2491 912 2538 se
948 2472 1057 2555 aliqua
1091 2477 1184 2556 parte
1220 2471 1397 2540 dissimiles

246 2574 403 2642 rationem
432 2575 553 2642 habent
582 2574 740 2658 aliquam,
774 2573 801 2641 si
824 2572 945 2640 adeas
973 2573 1054 2640 duas
1082 2574 1202 2641 alterae
1231 2573 1315 2641 duae
1342 2593 1396 2642 res

92 2701 123 2748 q.
133 2698 172 2741 scs
181 2695 239 2750 spur
250 2675 387 2743 collatae
423 2681 512 2760 sunt,
550 2694 633 2758 quae
669 2677 826 2743 rationem
861 2676 1001 2742 habeant
1038 2675 1187 2759 eandem,
1231 2675 1319 2758 quod
1356 2695 1397 2743 ea

333 2872 443 2946 2‘fcrt.
462 2875 629 2947 praeposita
652 2876 800 2947 ucpctioue
823 2875 989 2930 declinemus
1013 2891 1199 2944 quaeremus.
1220 2879 1395 2947 .reprehen·

248 2960 342 3015 demur
361 2977 441 3029 quam
459 2953 613 3029 sequemur'
631 2960 702 3030 LSp.
724 2991 759 3000 —
783 2961 919 3030 querimus
937 2959 969 3013 F.
994 2991 1028 2999 —
1055 2953 1241 3029 etiam1‘fort.
1259 2959 1300 3018 et’
1320 2963 1394 3033 usp.

246 3073 281 3082 —
308 3048 323 3098 3
342 3048 379 3108 et]
398 3048 430 3098 ut
447 3043 584 3098 Laetus.
611 3038 689 3114 ‘fort
713 3045 763 3099 del.
783 3047 838 3099 uisi
853 3061 938 3115 supra
956 3044 980 3098 si
1002 3044 1062 3113 quis
1084 3040 1243 3117 serpseris'
1261 3047 1333 3117 asp.
1359 3080 1394 3090 -

246 3132 349 3192 casum]
363 3127 432 3195 LSp,
451 3144 517 3183 casu
529 3129 561 3183 F.
580 3159 613 3168 —
633 3130 806 3199 5utrubique
818 3133 854 3195 et]
872 3129 1017 3198 utrobique
1034 3132 1077 3183 est
1094 3133 1122 3184 et
1139 3130 1223 3200 vulg.
1242 3162 1277 3171 -
1295 3138 1393 3188 ‘luna-

244 3228 349 3282 queque
366 3212 399 3267 F.
426 3243 460 3251 —
487 3219 502 3267 9
520 3229 585 3282 sepe
606 3213 639 3267 F.
657 3209 716 3270 ‘aut
733 3214 808 3284 quod
822 3215 965 3284 praecedit
979 3214 1048 3284 fort.
1066 3212 1117 3268 dcl.
1135 3215 1178 3268 ccl
1195 3217 1224 3269 ia
1242 3220 1270 3270 ot
1286 3223 1393 3272 mutua-

243 3293 320 3352 dam'
339 3297 412 3367 LSp.
430 3328 462 3337 —
483 3303 513 3352 12
531 3298 561 3351 in
585 3313 661 3353 amor
684 3303 712 3354 et
733 3315 810 3354 amur
827 3303 855 3354 et
872 3298 972 3353 amoris
989 3297 1083 3368 FVp.
1107 3329 1142 3338 —
1167 3303 1197 3353 13
1217 3301 1358 3357 consertor
1375 3319 1393 3357 a

243 3383 359 3438 materia
376 3383 410 3452 F,
427 3399 498 3439 corr.
516 3383 572 3438 vul
578 3400 603 3452 g.
621 3413 656 3421 —
674 3389 705 3438 15
724 3383 888 3451 singularem
904 3383 938 3451 F,
956 3399 1029 3439 coru.
1047 3384 1135 3453 vulg.
1159 3416 1193 3424 —
1218 3391 1249 3440 19
1268 3403 1338 3455 queo
1357 3387 1395 3443 sit

242 3468 324 3533 ratio]
348 3464 425 3540 ‘fort
449 3468 514 3538 quid
538 3468 588 3535 sit,
614 3469 690 3538 conf.
709 3468 735 3521 X
753 3470 769 3536 ξ
787 3465 815 3522 2'
835 3468 907 3539 LSp.
935 3499 968 3509 -
994 3469 1179 3540 proportionis
1198 3470 1393 3527 Wilmenns

242 3569 270 3622 p.
290 3557 331 3621 80,
354 3553 437 3626 prob.
457 3554 570 3608 Groth.
596 3583 631 3592 -
657 3568 691 3607 ea
707 3559 813 3622 graece]
831 3553 893 3625 LSp
913 3554 1060 3610 comment.
1078 3571 1106 3623 p.
1127 3558 1168 3623 13,
1194 3550 1392 3624 Wilm'anns,

243 3653 341 3706 agrece
359 3637 392 3706 F,
411 3653 543 3707 agrueco
563 3637 742 3707 ahustus,
760 3655 830 3709 quae
848 3655 865 3693 a
883 3639 996 3695 Graecis
1013 3642 1100 3708 vulg.
1118 3670 1153 3681 -
1172 3643 1204 3694 20
1217 3645 1339 3705 vocatur]
1352 3642 1391 3710 M,

242 3724 364 3791 Aldus,
382 3726 518 3778 uocantur
534 3722 567 3776 F.
595 3754 628 3763 —-
655 3716 810 3795 ἀνάλογον]
829 3741 846 3779 a
863 3725 987 3792 Aldus,
1005 3726 1140 3794 anulogon
1158 3726 1190 3780 F.
1214 3755 1248 3764 —-
1271 3726 1306 3780 ab
1325 3742 1392 3781 una·

241 3807 315 3877 logo]
334 3808 398 3862 hinc
415 3808 501 3876 vulg.
526 3809 561 3862 ab
579 3807 694 3877 analogo
713 3849 720 3862 .
740 3849 747 3862 .
767 3810 883 3864 eundem
906 3806 996 3882 λόγον
1014 3826 1066 3864 om.
1085 3811 1146 3880 Vp.
1173 3811 1251 3881 ‘fort
1269 3812 1305 3866 ab
1324 3803 1392 3867 οἰνά-

242 3897 332 3964 λογον
350 3892 393 3947 ucl
409 3894 444 3948 ab
463 3890 611 3962 analogon'
623 3893 695 3963 LSp.
722 3924 757 3934 -
783 3899 816 3949 22
834 3896 1002 3951 alteraque
1018 3897 1100 3952 'duae
1111 3896 1144 3963 F,
1162 3894 1213 3950 lroc
1230 3903 1271 3950 est
1287 3896 1391 3951 alterae

243 3977 315 4032 duae
335 3994 379 4032 res
403 3995 474 4033 coru.
498 3994 535 4034 ea
557 3978 661 4034 alterae
681 3995 726 4034 res
750 3980 822 4035 duae
844 3986 897 4045 (res
924 3981 1027 4036 alterae
1054 3982 1124 4036 duae
1150 3987 1178 4036 ct
1202 3980 1339 4036 Victorius
1364 3986 1392 4035 ct

243 4058 331 4116 Grotb
354 4065 422 4117 abtas
445 4069 525 4118 actas
543 4059 717 4134 interpretati
739 4069 821 4132 suut),
845 4066 950 4121 alterae
965 4068 1039 4121 duae
1055 4082 1100 4121 res
1119 4066 1207 4130 GEe,
1225 4066 1328 4120 ulturus
1344 4081 1391 4119 res

242 4146 314 4201 duae
331 4146 370 4212 M,
388 4147 521 4203 Laetus.
541 4143 618 4203 ‘licet
633 4149 752 4204 scribere
769 4149 837 4204 duas
855 4151 927 4205 duae
944 4151 1047 4206 alterae
1064 4143 1123 4206 res'
1141 4149 1212 4218 LSp.
1231 4179 1264 4190 -
1283 4153 1315 4203 23
1334 4150 1391 4205 uol-

241 4229 324 4294 lalac]
343 4231 457 4287 collecte
475 4234 519 4301 M,
537 4233 678 4290 Laetus.
696 4265 731 4275 -
748 4234 877 4299 habeant]
891 4228 984 4291 ‘immo
1002 4235 1105 4290 hubent
1122 4249 1182 4288 cum
1199 4229 1261 4288 Ha'
1282 4233 1354 4304 LSp.
