3038 5048
662 281 700 339 De
716 282 783 337 libro
800 281 852 337 VII.

385 459 501 531 aliquod
524 458 615 514 lumen
636 457 761 514 lularne
784 499 792 515 .
816 499 822 514 .

385 543 463 616 apud
484 542 616 599 Plautum
637 543 668 598 in
690 541 823 598 Parasito
842 544 926 616 plara
951 585 958 600 .
983 586 989 601 .
1015 542 1194 618 Crepusculo.

383 629 415 683 ln
441 626 600 683 Trinummo
623 625 793 684 Conculium
816 666 824 684 .
847 668 854 683 .

384 713 416 767 in
438 713 574 768 Asinaria
596 752 604 768 .
628 752 636 768 .
660 711 825 774 Conliciuio.

182 800 253 857 Haec
275 799 364 855 omnia
386 807 508 870 tempora
529 795 695 871 significant,
726 797 773 853 sed
801 806 942 871 poetarum
964 813 1057 854 versus
1079 799 1196 871 primus,
1226 798 1330 862 tertius,

180 893 271 941 sextus
292 899 374 957 supra
395 882 445 938 iam
467 881 509 946 Vl,
535 884 613 940 6—'1
638 881 737 939 laudati
758 898 808 939 nea
829 891 935 956 praeter
955 890 1090 939 temonem
1119 883 1264 958 quidquam
1292 890 1331 939 est

182 969 256 1044 quod
282 966 318 1025 ibi
342 968 491 1041 expositum
519 982 575 1024 non
603 965 724 1040 legatur,
756 976 788 1023 ut
815 967 964 1024 socordiam
992 969 1110 1024 auctoris
1137 969 1228 1025 eadem
1249 983 1332 1042 repe-

182 1054 262 1110 tentis
291 1053 404 1110 mireris.
448 1051 540 1108 Restat
568 1059 705 1125 postrema
733 1060 760 1109 ct
787 1051 943 1126 longissima
972 1068 1033 1125 pars
1060 1053 1222 1118 80-108,
1255 1053 1331 1109 cuius

181 1137 303 1212 exempla
325 1138 415 1196 eadem
438 1137 543 1193 ratione
565 1136 651 1193 oculis
672 1139 812 1211 supposita
833 1135 990 1195 referemus.

385 1221 468 1279 Nunc
497 1222 530 1277 de
557 1221 602 1278 liis
631 1222 715 1277 relus
744 1238 816 1295 quae
846 1223 1040 1296 assianificanl
1070 1223 1185 1295 aliquod
1215 1231 1330 1295 tempus,

182 1324 243 1363 cum
265 1309 398 1365 dicuntur
419 1312 470 1363 aul
489 1306 568 1379 fiunt,
592 1307 693 1363 dicam.

383 1393 462 1466 apud
483 1387 596 1447 Accium
622 1391 776 1464 Reciproco
800 1431 807 1446 .
832 1431 839 1446 .

385 1477 464 1551 apud
485 1475 617 1532 Plancum
641 1517 648 1532 .
673 1517 680 1532 .
706 1476 896 1532 Transoercus
919 1516 926 1531 .
950 1517 957 1531 .

385 1563 464 1636 opud
484 1559 608 1618 Ennium
629 1559 842 1617 Andromachae
866 1601 873 1615 .
898 1601 905 1616 .

386 1647 464 1720 apud
485 1644 599 1701 Accium
621 1687 628 1701 .
653 1686 661 1702 .
683 1642 823 1702 Auroram
846 1645 972 1702 Rutilare
995 1685 1002 1699 .
1026 1685 1033 1701 .

385 1732 464 1805 apud
488 1731 647 1786 Terentium
669 1730 818 1787 Scorlalur
841 1770 848 1785 .
873 1771 880 1786 .
903 1770 910 1785 .

385 1816 464 1889 opud
485 1816 600 1871 Accium
622 1856 630 1871 .
654 1857 661 1871 .
685 1856 692 1871 .
714 1814 878 1887 Nomenque
901 1855 908 1870 .
933 1853 940 1869 .

388 1901 465 1974 opud
486 1897 619 1956 Plautum
642 1940 650 1956 .
674 1940 681 1955 .
703 1899 852 1972 liciturum
875 1940 882 1955 .
906 1940 913 1955 .
936 1898 1041 1955 Iusaue
1064 1939 1071 1955 .
1095 1939 1102 1953 .

387 1986 464 2059 apud
487 1984 624 2040 Pacuium
648 2025 655 2040 .
679 2025 686 2040 .
711 1983 870 2056 Lymphato
893 2024 900 2040 .
925 2024 931 2039 .
955 1982 1060 2040 Bacchi
1084 2025 1090 2040 .
1114 2025 1121 2040 .

474 2065 559 2140 Orico
581 2070 612 2125 in
634 2068 678 2124 iris
701 2070 827 2124 omnibus
848 2083 954 2142 araoca
975 2076 1006 2122 ul
1028 2069 1101 2140 qual

388 2154 465 2226 apud
487 2153 626 2209 Pacuium
647 2153 781 2226 Alcyonis
805 2153 871 2209 Ritu
893 2193 901 2207 .
926 2192 933 2206 .

388 2240 466 2312 apud
487 2238 609 2294 Ennium
632 2279 640 2293 .
664 2278 671 2293 .
696 2237 845 2294 Comiter.
870 2278 877 2293 .

386 2325 464 2396 apud
486 2323 601 2379 Atilium
625 2322 730 2396 Cape.
754 2362 762 2378 .

385 2409 464 2480 apul
485 2408 624 2463 Pacuium
647 2449 654 2464 .
678 2450 686 2464 .
710 2406 845 2464 Cicurare
868 2447 875 2461 .
901 2447 908 2461 .

387 2494 465 2565 apud
485 2492 625 2550 Naeuium
649 2534 656 2548 .
680 2534 687 2548 .
711 2492 810 2547 Ferme
834 2533 841 2547 .
866 2533 873 2547 .

386 2578 463 2648 apud
485 2577 617 2634 Plautum
639 2577 724 2634 Iluam
745 2577 842 2648 lurcio
865 2617 872 2633 .
898 2617 905 2631 .

489 2663 627 2734 effulilnm
647 2663 819 2719 naturaliter
840 2669 889 2727 esi,
911 2668 942 2717 ui

489 2749 567 2821 apud
587 2747 710 2804 Ennium
733 2748 832 2804 Hence
856 2787 863 2802 .
888 2789 894 2804 .

489 2834 567 2906 apud
588 2832 710 2889 Ennium
732 2831 777 2888 Eu
801 2873 809 2888 .
834 2874 841 2889 .

490 2918 568 2990 apud
590 2917 757 2992 Pompilium
779 2917 845 2974 Heu
868 2957 875 2971 .
901 2960 907 2973 .

387 3002 465 3075 apud
489 3002 656 3059 Lucilium.
680 3044 687 3060 .
712 3001 841 3077 Clepsere
864 3043 871 3058 .
897 3043 904 3058 .

385 3088 464 3161 opud
484 3087 606 3145 Matium
627 3128 635 3145 .
658 3128 665 3143 .
688 3087 822 3145 Manliae
844 3128 852 3144 .
877 3128 885 3144 .

387 3173 466 3246 apul
488 3173 607 3230 Matium
631 3170 771 3229 Obscaeni
794 3213 802 3230 .
826 3214 834 3229 .
858 3170 966 3229 Ominis
991 3212 998 3226 .
1023 3212 1030 3226 .

387 3259 466 3331 apud
487 3257 619 3315 Plautum
641 3297 649 3314 .
673 3299 680 3313 .
705 3299 712 3315 .
738 3257 821 3316 Creui

386 3345 464 3416 apud
486 3344 603 3399 eundem
624 3344 699 3415 quod
721 3350 761 3398 esi
784 3383 791 3399 .
817 3383 824 3398 .
847 3342 1031 3414 Proquenlcm
1055 3381 1062 3396 .
1085 3381 1093 3395 .

388 3429 465 3500 apud
487 3428 610 3484 Ennium
633 3467 640 3483 .
664 3469 672 3485 .
696 3469 703 3484 .
730 3427 849 3484 Fossari
871 3426 908 3502 (l)
933 3468 940 3483 .
964 3467 971 3482 .

388 3514 466 3585 apud
488 3512 611 3568 Ennium
633 3552 640 3567 .
664 3553 671 3569 .
695 3512 807 3570 Mussal
830 3553 837 3568 .
862 3553 870 3568 .

388 3598 466 3670 apud
488 3597 623 3652 Pacuium
647 3637 703 3653 ...
727 3594 972 3660 Auerruncassinl,

388 3682 420 3738 ln
441 3679 593 3738 Aulularia
615 3681 718 3756 Pipulo
742 3723 774 3738 ..

488 3768 577 3824 mulla
605 3767 641 3822 ao
671 3768 837 3824 animalium
864 3767 980 3822 uocibus
1007 3764 1116 3821 tralata
1144 3761 1175 3815 in
1200 3759 1334 3825 homiues,

483 3853 592 3924 parlim
613 3845 725 3924 quast)
748 3860 814 3909 sunl
836 3860 947 3925 operia,
969 3849 1076 3923 parlim
1096 3847 1234 3912 obscura5

472 3937 627 4008 perspicua
648 3944 679 3992 ul
700 3935 788 3993 Ennii
812 3979 820 3993 .
844 3977 852 3992 .
874 3934 987 3992 Lalral.

253 4100 280 4165 ⁴¹)
298 4097 317 4150 P
325 4103 487 4165 partimque,
505 4114 553 4151 nos
565 4098 634 4165 quod
645 4100 728 4167 magis
739 4115 771 4153 ex
789 4114 860 4152 more
877 4097 1009 4165 scriploris
1026 4101 1067 4149 est
1084 4110 1141 4148 cum
1160 4095 1217 4149 aliis
1233 4099 1334 4164 parlim

187 4184 257 4234 quae
275 4166 418 4234 divisimus,
436 4166 503 4220 coni.
521 4165 552 4230 X,
565 4169 607 4220 64.
624 4182 696 4220 rarus
714 4173 754 4221 est
771 4167 913 4235 particulae
932 4181 982 4232 que
999 4165 1026 4218 in
1043 4163 1084 4217 his
1101 4163 1174 4217 libris
1191 4179 1262 4231 usus,
1278 4179 1335 4216 sae-

188 4237 246 4303 pius
265 4250 298 4288 ex
315 4234 336 4286 B
353 4235 464 4288 insertus
481 4235 611 4302 vulgales,
628 4240 658 4289 ul
674 4234 706 4301 V,
720 4237 752 4291 65
770 4235 933 4301 eundemque
950 4249 997 4302 pro
1014 4232 1134 4300 eundem,
1150 4230 1182 4298 V,
1197 4235 1245 4287 105
1259 4236 1336 4300 past·
