3038 5048
253 285 313 345 182
579 291 693 347 LIBER
710 291 886 350 ocTsts.
921 296 1066 360 §tt-ss.

250 458 402 545 mulieris,
425 460 503 529 Eius
524 463 645 549 pabuli,
669 485 741 532 eum
763 464 1020 533 discriminentur
1041 464 1075 532 in
1097 464 1196 533 rectis
1218 469 1360 537 essibus
1383 472 1416 537 Is

248 560 298 626 Fa
319 559 366 627 ld.
410 563 461 631 De
489 564 551 631 boe
577 584 695 648 genere
724 567 851 651 parcius
879 567 987 652 tetigi,
1021 567 1108 651 quod
1136 567 1299 637 librarios
1331 570 1415 638 baec

251 661 431 746 spinosiora
451 667 670 754 indiligentius
693 670 833 736 elaturos
854 670 975 754 putavi.

144 763 226 842 §52
335 770 385 833 29.
419 769 470 837 De
492 771 707 840 nominatibus
730 770 784 853 qui
809 770 967 838 accedunt
994 769 1140 856 proxime
1167 770 1214 838 ad
1244 771 1414 841 infinitam

100 843 242 898 ‘Imm
251 873 396 934 naturam
424 872 628 939 articulorum
657 882 754 956 atque
787 874 991 958 appellantur
1018 871 1195 957 voeabula,
1229 881 1270 941 nt
1303 875 1447 950 Homer

249 967 368 1054 Equus,
392 992 500 1040 eorum
523 975 770 1042 declinationum
792 993 912 1057 genera
933 981 1008 1041 sunt
1029 979 1195 1059 quattuor,
1224 995 1335 1043 unum
1357 999 1416 1045 no·

249 1071 407 1158 minandi,
439 1082 473 1141 ut
501 1077 543 1143 ab
576 1095 659 1159 equo
689 1077 823 1159 Equile,
856 1078 991 1143 alterum
1014 1077 1159 1160 casuale,
1192 1083 1230 1143 ut
1250 1078 1301 1144 ab
1327 1099 1416 1163 equo

250 1175 385 1258 Equum,
409 1177 534 1244 tertium
550 1177 699 1262 augendi,
716 1186 750 1244 ut
765 1178 899 1246 abalbo
914 1178 1037 1261 Albius,
1060 1183 1209 1260 quartum
1225 1178 1416 1266 minuendi,

143 1271 163 1350 ἓ
186 1271 226 1334 53
249 1282 284 1343 ιιι
305 1277 386 1344 cista
409 1278 540 1345 Cistula.
602 1280 742 1346 Primum
764 1298 882 1363 genus,
911 1285 945 1345 ut
967 1279 1050 1363 dixi,
1082 1277 1204 1363 idest,
1240 1299 1323 1348 oum
1347 1281 1416 1368 [ab]

248 1378 358 1464 aliqua
380 1387 471 1464 parte
493 1381 646 1448 orationis
673 1382 835 1448 declinata
865 1387 939 1447 sunt
966 1388 1053 1446 recto
1082 1400 1158 1447 casu
1180 1382 1355 1451 vocabula
1378 1390 1415 1452 ut
1437 1393 1463 1445 ιι

248 1502 269 1549 a
291 1482 416 1548 balneis
439 1482 619 1549 Balneator.
664 1483 734 1550 Hoc
756 1483 823 1550 fere
844 1482 986 1568 triplices
1008 1482 1107 1548 habet
1131 1483 1280 1568 radices,
1317 1486 1415 1572 qnod

248 1591 281 1650 et
302 1604 322 1649 a
344 1583 500 1649 vocabulo
523 1585 630 1668 oritur,
653 1589 688 1650 ut
709 1604 730 1649 a
751 1592 904 1653 venatore
926 1584 1137 1668 Venabulum,
1161 1589 1194 1652 et
1215 1605 1237 1650 a
1258 1588 1413 1672 nomine,

247 1691 282 1750 ut
304 1705 324 1750 a
345 1684 465 1750 Tibure
488 1684 621 1769 Tiburs,
654 1689 686 1752 et
713 1706 734 1751 a
762 1686 877 1770 verbo,
911 1694 947 1753 ut
968 1707 989 1753 a
1010 1686 1165 1753 currendo
1187 1684 1323 1754 Cursor.
1370 1691 1413 1759 In

247 1785 334 1851 nullo
357 1785 470 1852 horum
493 1787 675 1868 analogiam
697 1787 840 1855 servarei
861 1787 997 1855 videbis.

134 1879 228 2003 4{54¹
332 1889 382 1952 30.
415 1885 555 1953 Primum
589 1907 660 1955 cum
693 1887 818 1956 dicatur
849 1896 884 1956 ut
918 1890 960 1956 ab
993 1910 1055 1957 ove
1086 1895 1119 1958 et
1154 1907 1210 1955 sue
1240 1886 1345 1958 Ovile
1375 1899 1413 1959 et
1435 1903 1463 1955 ιι

162 1960 352 2070 181”)8ιιιιι,
389 1987 435 2054 eie
468 2008 489 2053 a
522 1989 605 2057 bove
638 1991 751 2058 Bovile
784 2011 848 2056 non
880 1989 1010 2074 dieitur,
1048 1996 1081 2057 et
1113 2009 1184 2072 cum
1219 1991 1333 2060 simile
1364 1993 1411 2062 ιιι

245 2089 323 2156 Avis
356 2096 388 2157 et
421 2089 516 2176 Ovis,
552 2113 657 2176 neque
686 2094 801 2161 dicitur
828 2098 864 2160 ut
895 2094 937 2159 ab
965 2114 1027 2161 ave
1056 2093 1222 2160 Aviarium
1257 2093 1310 2171 [ab
1347 2115 1409 2160 one

248 2189 425 2268 Ostorium,
448 2215 548 2280 neque
569 2199 612 2274 ιι]
636 2196 678 2262 ab
701 2217 762 2263 ove
784 2194 878 2263 Ovile
900 2195 942 2260 ab
964 2215 1027 2262 ave
1050 2195 1159 2278 Avile‚
1190 2201 1322 2260 etcum
1347 2195 1405 2266 de-

244 2295 348 2365 buerit
378 2316 459 2383 esse,
479 2304 513 2363 ut
540 2319 561 2365 a
590 2297 760 2365 cubatione
788 2296 975 2363 Cubiculum
1005 2297 1052 2364 sie
1081 2317 1102 2362 a
1129 2295 1274 2363 sessione
1304 2296 1406 2366 Sedi-

138 2388 159 2468 ἕ
182 2391 222 2451 55
246 2399 368 2483 culum,
390 2419 454 2465 non
477 2405 535 2466 est.
579 2398 736 2479 Quoniam
759 2398 909 2482 taberna,
939 2399 994 2465 ubi
1017 2398 1105 2465 venit
1126 2397 1253 2481 vinum,
1276 2417 1297 2464 a
1322 2400 1405 2468 vino
1428 2414 1459 2466 ιι

245 2499 392 2583 Vinaria,
426 2521 447 2566 a
469 2506 557 2569 creta
578 2500 740 2584 Oretania,
774 2500 816 2565 ab
838 2507 999 2583 unguento
1021 2498 1242 2584 Unguentaria
1268 2496 1403 2586 dicitur,

244 2602 405 2685 analogon
431 2602 459 2667 si
485 2608 592 2669 essent
613 2603 790 2685 voeabula,
824 2601 879 2668 ubi
902 2621 975 2668 caro
997 2603 1102 2684 venit,
1134 2599 1304 2684 (larnaria,
1342 2603 1403 2670 nbi

94 1960 126 2013 in·

328 2753 360 2808 F.
379 2753 477 2809 lolli
495 2751 562 2811 nata
580 2759 645 2809 suut
663 2795 669 2808 .
690 2796 696 2808 .
717 2753 896 2810 conuenirent

242 2889 276 2943 H.
296 2920 328 2928 -
346 2888 392 2943 ‘an
410 2891 439 2943 in
457 2894 555 2946 neutro
574 2891 685 2945 articuli
702 2887 760 2945 ιιι1
778 2891 849 2959 LSp.
867 2921 901 2929 -
920 2894 935 2943 3
956 2889 1100 2960 spensiora
1118 2889 1151 2956 F,
1177 2888 1324 2956 sponsoris
1343 2906 1401 2960 ap,

243 2973 408 3042 spatiosiora
424 2974 456 3042 B,
475 2989 548 3028 corr.
561 2974 754 3043 Victorius,
771 2975 858 3043 vulg.
877 3004 909 3013 —
927 2973 1113 3042 indulgentius
1131 2972 1164 3040 F,
1183 2988 1257 3027 corr.
1271 2973 1401 3046 Sciop-

240 3057 328 3125 pius.
348 3087 380 3096 -
399 3061 415 3109 4
432 3057 626 3124 nomInatibus]
645 3059 717 3128 LSp,
735 3057 911 3114 nominatiuis
928 3057 961 3111 F.
979 3088 1012 3097 —
1031 3059 1086 3127 qui]
1106 3057 1141 3125 H,
1159 3072 1230 3127 quae
1248 3056 1282 3126 F,
1304 3056 1400 3117 ‘scria

240 3137 315 3210 quei’
340 3140 411 3210 LSp.
439 3172 473 3181 —
498 3141 605 3198 finitam
631 3142 664 3210 F,
691 3159 762 3197 corr.
781 3143 966 3212 Augustinus3
993 3142 1046 3197 vid.
1075 3143 1091 3210 §
1118 3148 1161 3197 45.
1187 3172 1222 3180 -
1248 3146 1300 3197 ba
1323 3144 1400 3202 cista

240 3225 359 3280 Aldus.
380 3257 410 3265 —
430 3228 475 3292 ab]
494 3227 556 3281 add.
576 3229 646 3296 LSp.
665 3259 699 3267 -
719 3233 751 3281 10
769 3227 931 3283 vocabulum
948 3226 982 3294 F,
999 3243 1072 3282 corr.
1090 3227 1211 3282 Aldus.
1234 3256 1268 3267 -
1295 3232 1325 3282 13
1347 3230 1399 3286 Τι-

240 3311 318 3376 bure]
336 3310 428 3365 tibura
445 3311 478 3379 F,
496 3328 568 3367 corr.
587 3313 728 3368 Laetus.
754 3344 787 3351 —
815 3311 914 3366 Tiburs
932 3314 970 3374 ct]
988 3310 1071 3366 tibur.
1091 3311 1144 3366 Sed
1161 3311 1194 3378 F,
1215 3327 1286 3367 corr.
1306 3315 1397 3385 vulg.

239 3413 278 3452 ει
297 3397 329 3450 Β.
347 3396 480 3453 -verbo
499 3397 540 3466 ut]
558 3399 643 3453 uerbo
661 3401 689 3453 et
702 3396 769 3465 FM,
786 3397 921 3452 Laetus.
940 3426 973 3435 —
993 3399 1025 3449 14
1043 3395 1172 3460 servarei]
1189 3396 1262 3466 Lep,
1280 3412 1397 3455 seruare

240 3482 273 3550 F,
291 3482 440 3549 senueris,
458 3483 685 3553 Augustinus.
712 3513 747 3521 -
774 3487 806 3536 15
824 3485 853 3537 et
870 3498 887 3537 a
906 3496 955 3535 sue
971 3479 1010 3548 M,
1035 3481 1175 3536 Laetus.
1202 3511 1237 3522 -
1263 3483 1348 3549 ouille
1367 3490 1398 3541 et

240 3568 319 3635 suilla
343 3567 374 3621 F.
403 3597 437 3606 -
465 3570 496 3621 16
518 3568 616 3632 bovile]
644 3567 783 3623 charisius
806 3584 833 3636 p.
854 3570 903 3621 101
920 3565 961 3620 K:
994 3560 1093 3622 ‘bovile
1122 3569 1197 3621 vetat
1223 3566 1279 3621 dici
1302 3567 1395 3644 Varro

241 3653 277 3707 ad
296 3652 454 3707 Ciceronem
471 3651 537 3706 VIII
555 3656 583 3707 et
600 3653 659 3722 ipse
677 3667 783 3722 semper
800 3651 894 3707 bubile
911 3650 993 3719 dicit,
1016 3653 1065 3707 sed
1084 3651 1152 3708 Cato
1171 3653 1206 3707 de
1223 3651 1395 3720 abnegandis

240 3735 346 3805 legibus
365 3735 454 3792 bovile
475 3733 561 3792 dixit?
591 3767 624 3776 —
650 3737 751 3792 dicitur
768 3736 862 3792 bubile
879 3752 935 3791 non
952 3736 1042 3792 bovile
1060 3737 1147 3807 vulg.
1165 3753 1204 3792 ex
1220 3737 1253 3790 Β.
1281 3766 1313 3775 -
1341 3753 1395 3792 un-

239 3826 307 3879 cinis
331 3821 509 3877 cr'rcumelusu
536 3819 643 3875 addidit
667 3822 698 3876 M
705 3821 808 3889 dller,
836 3823 934 3892 quibus
960 3821 1114 3877 addendum
1140 3821 1248 3877 videtur
1273 3821 1313 3876 sie
1340 3823 1393 3887 (sic

238 3908 358 3974 above).
386 3905 456 3961 idem
480 3905 595 3961 uoluisse
618 3906 724 3962 uidetur
746 3907 817 3977 LSp.
844 3909 926 3962 atc'am
949 3906 1029 3977 infru
1047 3912 1190 3981 exspectes
1213 3907 1253 3962 sic
1277 3906 1392 3977 abavo,

239 3991 359 4062 quodie
377 3992 513 4047 librosuo
533 3989 655 4045 additum
676 3998 774 4063 postea
799 3991 936 4048 deleverat
956 3992 1028 4062 LSp.
1057 4021 1090 4032 -
1118 3994 1149 4046 18
1168 3990 1242 4045 auile
1259 4006 1333 4046 corr.
1352 4008 1392 4050 ca·

239 4075 317 4131 auele
329 4076 361 4130 F.
380 4106 414 4114 -
431 4075 501 4131 avile
513 4091 568 4132 non
580 4080 622 4131 est
632 4092 720 4146 neque
732 4076 766 4131 ab
779 4093 829 4132 ove
844 4077 976 4134 oviarium
989 4077 1127 4133 Laetus.
1147 4105 1180 4114 -
1199 4079 1230 4129 19
1243 4076 1292 4140 elul
1307 4076 1344 4132 sit
1355 4077 1391 4133 F.

239 4191 271 4200 -
290 4163 322 4213 20
341 4163 424 4215 uenet
441 4160 474 4228 F,
493 4161 586 4216 ueniet
602 4160 648 4215 Vt
675 4157 753 4231 ‘fort
772 4162 820 4216 ubi
837 4163 912 4218 venit
929 4163 1021 4218 vinum
1037 4156 1097 4215 del?
1116 4158 1186 4228 LSp.
1211 4189 1245 4198 —
1269 4163 1302 4214 22
1320 4178 1389 4220 ana·

237 4243 327 4314 logon]
353 4244 414 4314 LSp
438 4245 587 4302 Gemment.
612 4262 639 4316 p.
660 4250 705 4315 13,
731 4247 877 4316 analogion
898 4247 937 4316 F,
963 4244 1123 4313 analogieon
1144 4241 1292 4314 Laetus,
1320 4238 1389 4305 ἄνα-
