3038 5048
210 280 271 339 246
540 277 840 336 mensuremus.
876 280 893 348 s
912 281 1022 333 rs-ao.

209 451 345 519 alterum
377 453 536 536 Macrum,
570 471 702 535 quorum
734 458 903 533 utrumque
934 450 968 515 in
1000 448 1133 534 reliquis
1167 469 1191 514 a
1226 448 1369 516 transitu

209 573 301 620 suam
334 555 420 620 viam
452 555 595 636 sequitur
628 561 660 622 et
689 555 724 620 in
755 552 969 637 singularibus
1005 558 1037 618 et
1072 552 1106 617 in
1144 550 1367 618 multitudinis

210 653 486 723 declinationibus.
530 656 601 724 Hoc
621 655 657 721 fit
683 656 774 738 ideo,
808 653 894 736 quod
923 659 1107 719 naturarum
1136 672 1264 737 genera
1293 658 1367 720 sunt

211 757 274 825 duo
297 775 380 839 quae
401 757 483 822 inter
505 777 541 825 se
563 758 698 825 conferri
719 762 863 843 possunt,
888 775 986 822 unum
1009 753 1095 837 quod
1116 774 1176 839 per
1199 773 1236 820 se
1260 753 1367 821 videri

210 863 330 942 potest,
347 864 396 946 Ι11
417 858 521 926 Homo
545 866 577 926 et
597 861 723 941 Equus,
753 859 889 924 alterum
911 856 981 923 sine
1004 861 1169 939 assumpta
1191 856 1310 939 aliqua
1332 869 1394 923 res

213 959 408 1027 extrinsecus
429 961 568 1046 perspici
589 982 652 1028 non
673 960 792 1045 possit,
815 965 850 1025 11
871 958 978 1042 Eques
1000 963 1033 1025 et
1053 957 1191 1041 Equis03
1227 964 1365 1040 uterque

106 1067 126 1147 5
148 1067 188 1129 29
212 1060 296 1127 enim
319 1059 434 1127 dicitur
455 1062 497 1127 ab
520 1080 611 1144 equo.
670 1060 775 1140 Quare
801 1060 963 1127 hominem
985 1059 1104 1127 homini
1126 1059 1271 1126 similem
1295 1080 1366 1127 esse

213 1168 352 1229 autnon
375 1182 456 1245 esse,
487 1163 515 1230 si
537 1164 725 1248 contuleris,
760 1184 801 1230 ex
823 1162 902 1247 ipsis
923 1161 1101 1229 hominibus
1123 1160 1364 1228 animadversis

210 1262 307 1348 scies,
341 1267 376 1328 at
405 1264 468 1331 duo
495 1264 579 1332 inter
608 1283 644 1332 se
672 1265 859 1332 similiteme
888 1263 952 1330 sint
980 1264 1139 1348 longiores
1168 1281 1270 1347 quam
1300 1263 1364 1328 sint

58 1383 202 1438 (nectent
213 1385 321 1433 eorum
342 1366 470 1449 fratres,
501 1366 608 1433 dicere
630 1387 694 1434 non
714 1366 835 1453 possis,
865 1366 893 1431 si
915 1365 988 1433 illos
1010 1365 1173 1431 breviores
1196 1384 1272 1430 cum
1296 1364 1363 1448 qui·
1382 1376 1406 1428 11

212 1466 270 1534 bus
293 1471 494 1535 conferuntur
516 1487 612 1551 quam
633 1468 722 1552 longi
743 1469 808 1534 sint
830 1468 972 1552 ignores,
1007 1468 1053 1534 sic
1082 1466 1235 1532 latiorum
1262 1473 1362 1550 atque

211 1569 375 1653 altiorum,
409 1570 487 1636 item
515 1576 622 1636 cetera
648 1570 789 1637 eiusdem
813 1569 939 1656 generis
962 1569 1032 1636 sine
1054 1573 1218 1653 assumpto
1241 1568 1361 1633 extrin-

210 1689 302 1737 secus
336 1672 444 1753 aliquo
477 1671 614 1756 perspici
646 1671 869 1738 similitudines
901 1692 965 1739 non
995 1674 1134 1756 possunt.
1179 1669 1235 1736 Sic
1264 1669 1362 1753 igitur

211 1771 342 1851 quidam
376 1791 469 1838 casus
503 1771 590 1854 quod
622 1793 662 1840 ex
695 1773 757 1841 hoc
793 1793 911 1857 genere
947 1778 1039 1854 sunt,
1076 1793 1139 1839 non
1175 1771 1274 1838 facile
1313 1776 1361 1837 est

212 1871 317 1939 dicere
355 1873 469 1939 similis
506 1893 594 1956 esse,
631 1875 659 1941 si
701 1895 809 1942 eorum
846 1875 1041 1958 singulorum
1075 1873 1179 1940 solum
1211 1871 1358 1939 animad-
1380 1884 1404 1936 11

210 1978 318 2040 vertas
340 1994 451 2060 voees,
474 1975 536 2040 nisi
557 1977 768 2061 assumpseris
791 1977 943 2058 alterum,
975 1996 1038 2058 quo
1060 1973 1196 2042 flectitur
1217 1974 1253 2040 in
1275 1980 1360 2041 tran·

210 2074 366 2142 scandum
387 2096 461 2144 vox.

104 2183 125 2263 ξ
147 2184 187 2247 36
296 2176 390 2258 Quod
405 2180 448 2246 ad
463 2179 680 2247 nominatuom
703 2178 926 2247 similitudines
949 2177 1252 2245 animadvertendas
1274 2178 1360 2245 arbi·

212 2285 312 2347 tratus
345 2300 415 2354 sum
449 2282 528 2347 satis
561 2301 630 2347 esse
662 2285 809 2365 tangere,
842 2281 923 2347 haec
954 2286 1037 2346 sunt.
1082 2279 1285 2362 Relinquitur
1320 2279 1361 2346 de

211 2382 364 2465 articulis,
386 2382 419 2449 in
442 2384 557 2466 quibus
580 2383 739 2465 quaedam
763 2381 894 2465 eadem,
918 2381 1077 2466 quaedam
1099 2381 1181 2463 alia3
1203 2369 1361 2463 coquin·
1382 2394 1407 2445 11

212 2504 273 2566 que
296 2486 379 2550 enim
401 2485 571 2567 generibus
594 2484 657 2551 duo
680 2485 784 2569 prima
809 2483 928 2550 habent
958 2484 1087 2568 eadem,
1122 2482 1209 2566 quod
1230 2490 1306 2550 sunt
1329 2490 1361 2549 et

210 2584 317 2651 virilia
344 2591 376 2651 et
405 2585 574 2653 muliebria
603 2592 635 2653 et
664 2591 792 2670 neutra,
827 2590 859 2652 et
889 2584 975 2669 quod
1004 2586 1069 2652 alia
1096 2592 1169 2652 sunt
1198 2593 1234 2652 11
1261 2585 1360 2670 signi-

58 2685 309 2757 1111116111
341 2704 454 2773 unum,
487 2683 572 2774 [alia]
605 2695 640 2754 ut
671 2689 781 2771 plura,
819 2693 851 2753 et
884 2687 925 2754 de
958 2679 1086 2754 casibus
1119 2685 1206 2769 quod
1237 2686 1361 2754 habent

212 2789 341 2872 quin0s;
374 2808 450 2854 nam
472 2789 609 2855 vocandi
631 2809 710 2856 voce
731 2795 859 2855 notatus
887 2809 950 2856 non
980 2796 1036 2855 est.
1080 2790 1249 2873 Proprium
1278 2788 1361 2856 illud

212 2891 348 2974 habent,
372 2888 459 2973 quod
478 2889 596 2975 partim
618 2896 691 2957 sunt
712 2888 803 2955 linita
824 2897 859 2957 ut
880 2890 942 2957 Hic
963 2891 1068 2973 Haec,
1093 2892 1211 2975 partim
1231 2890 1361 2956 infinita
1381 2903 1408 2954 11

211 2997 246 3056 11
274 2991 351 3069 Quis
381 2987 435 3075 [et]
466 2990 572 3074 Quae,
607 2986 660 3076 [et]
692 3010 825 3072 quorum
857 2990 943 3073 quod
972 2991 1162 3058 adumbrata
1192 2997 1225 3058 et
1254 2995 1360 3059 tenuis

300 3217 310 3264 1
332 3227 419 3265 acm.
437 3210 494 3280 Vp.
514 3239 546 3249 ·—
566 3215 581 3264 2
599 3215 627 3266 et
644 3212 681 3275 in]
700 3215 728 3266 et
745 3210 897 3280 pluralibus
914 3211 944 3264 in
961 3228 989 3280 p.
1008 3243 1040 3252 -
1059 3216 1074 3266 3
1092 3216 1263 3278 naturarum]
1281 3210 1359 3285 ‘fort

211 3301 311 3352 natura
329 3288 437 3350 eorum'
454 3294 527 3366 LSp.
551 3325 583 3335 —-
607 3301 622 3350 5
639 3293 716 3365 ‘fort
735 3295 851 3351 alterum
869 3297 942 3364 quod
959 3296 1018 3351 sinc
1038 3337 1044 3350 .
1065 3340 1071 3351 .
1089 3313 1146 3352 non
1162 3291 1268 3367 potest'
1287 3299 1359 3368 LSp.

212 3383 251 3452 cf.
277 3382 306 3436 (1.
325 3380 357 3434 F.
376 3379 420 3434 W.
444 3379 572 3434 Mulier
594 3395 621 3448 p.
642 3384 700 3434 869.
726 3410 760 3419 -
787 3384 802 3434 6
826 3385 971 3451 utrumque
995 3381 1134 3438 Laetus.
1161 3414 1196 3422 —
1223 3389 1237 3437 ‘l
1261 3391 1358 3454 quare]

213 3469 315 3537 quippe
340 3465 478 3521 Mitller.
506 3495 540 3504 -
567 3465 765 3530 8hominibus]
793 3465 870 3535 LSp,
891 3466 995 3522 homini
1011 3467 1044 3521 F.
1071 3498 1106 3507 -
1132 3468 1299 3524 9similiter.
1324 3487 1360 3525 ne
1384 3538 1386 3543 Ι

213 3553 269 3607 sint
285 3553 317 3606 F.
337 3582 370 3591 —
391 3555 421 3607 11
438 3549 560 3620 ignores]
578 3550 704 3618 Aldus,
731 3550 858 3619 ignorent
873 3552 911 3620 F,
928 3552 1056 3620 ignorant
1071 3568 1105 3622 p,
1122 3553 1265 3622 ignoretur
1283 3553 1358 3611 Pius.

212 3637 267 3691 illis
285 3636 422 3691 breuiores
441 3675 447 3689 .
467 3676 473 3689 .
492 3636 651 3705 ignorentur
667 3634 752 3704 vulg.
772 3667 806 3676 —
824 3636 872 3701 sic]
892 3635 915 3691 si
932 3635 966 3705 F,
984 3653 1056 3692 corr.
1074 3638 1158 3706 vulg.
1177 3669 1211 3679 -
1230 3643 1262 3692 16
1280 3643 1359 3696 trau·

213 3720 311 3776 seundi
329 3722 366 3787 G,
391 3722 560 3776 transeundo
578 3720 665 3788 vulg.
691 3748 726 3759 -
754 3723 785 3774 18
802 3721 997 3786 nominatuom]
1017 3722 1092 3793 LSp,
1118 3724 1307 3780 dominatuum
1325 3725 1358 3793 (1,

212 3806 313 3874 vulg,
329 3804 526 3861 nominatiuom
542 3807 576 3872 F,
593 3804 792 3860 nominatiuum
809 3807 930 3862 ceteri.
955 3839 988 3848 —
1018 3812 1049 3863 19
1067 3823 1128 3862 osse
1145 3812 1268 3878 tangere]
1287 3812 1357 3865 Δ1-

213 3891 387 3960 gustinus‚
406 3894 448 3946 est
465 3905 565 3959 angere
581 3890 614 3956 F,
632 3892 674 3943 est
692 3905 792 3958 augere
808 3891 947 3948 Laetus.
970 3888 1052 3964 ‘fort
1071 3909 1131 3948 esse
1148 3897 1262 3964 tangere
1278 3896 1358 3963 haec,

213 3975 389 4045 relinquitur,
413 3976 469 4029 nisi
482 3975 630 4046 praeferes
647 3989 716 4042 quac
734 3975 770 4029 ad
786 3977 973 4033 nominatuom
992 4018 998 4031 .
1019 4018 1026 4031 .
1044 3981 1170 4048 tangere,
1187 3980 1257 4034 haec
1275 3972 1357 4034 suut'

213 4059 284 4129 LSp.
312 4091 345 4100 —
373 4063 403 4114 23
424 4060 487 4126 alia]
506 4059 613 4114 addidit
629 4060 714 4128 vulg.
742 4092 777 4100 —
804 4064 877 4131 quod
894 4062 1009 4117 deletum
1027 4063 1056 4117 11
1073 4081 1101 4134 p,
1126 4078 1192 4132 quos
1210 4064 1296 4132 vulg.
1324 4092 1358 4102 -

214 4146 247 4196 25
265 4144 311 4199 hie
328 4149 356 4200 et
372 4147 440 4202 haec
460 4144 546 4201 GHa
564 4145 699 4200 Laetus.
719 4175 751 4184 —
765 4141 847 4217 ‘fort
865 4147 966 4203 infiniti
983 4154 1010 4201 11
1026 4163 1113 4219 supra
1130 4140 1216 4201 finiti'
1234 4147 1305 4217 Lsp.
1326 4177 1358 4187 -

214 4230 246 4280 26
265 4231 292 4282 11
309 4245 379 4296 quae
398 4233 433 4296 et]
450 4232 587 4301 posterius
605 4234 633 4287 et
649 4246 699 4285 om.
718 4230 813 4301 vulg,
831 4240 977 4303 utrumque
993 4231 1044 4286 dcl.
1063 4231 1132 4301 LSp.
