3038 5048
250 171 311 232 178
577 167 691 225 maun
709 167 884 225 ocultus.
920 169 1065 237 seo-n.

97 361 172 415 11421
181 359 241 413 suu
249 343 353 429 figura
374 341 541 410 transitum
563 341 604 408 de
626 361 720 409 oassu
744 341 778 407 in
800 360 927 408 cassum
956 336 1102 407 similiter
1129 336 1267 404 ostendi
1298 336 1413 423 possit,

251 446 305 531 qni
328 445 410 512 haee
432 445 541 511 dieunt
562 450 730 526 utrumque
752 442 909 526 ignorant,
932 446 965 508 et
985 439 1020 506 in
1042 459 1104 523 quo
1127 439 1201 507 loeo
1225 439 1413 507 similitudo

251 546 370 615 debeat
384 565 464 630 esse,
488 555 521 613 et
536 543 805 629 quemadmodum
819 542 959 627 spectari
973 543 1085 626 soleat,
1109 540 1219 609 simile
1234 541 1284 608 sit
1299 561 1413 609 nenne.

251 650 341 731 Quae
363 669 435 715 oum
457 649 620 731 ignorant,
653 645 796 735 sequitur
822 652 857 712 ut
884 666 956 712 eum
985 641 1169 727 analogiam
1198 642 1320 710 dieere
1350 663 1414 711 non

146 754 230 833 §40
251 752 384 837 possint,
406 752 497 832 sequi
519 745 602 836 [ooo]
625 748 809 816 debeamus.
853 746 979 827 Quaero
1002 746 1101 829 enim,
1135 745 1280 813 verbum
1309 753 1441 813 utrumu

252 852 360 920 dieunt
380 872 494 920 vocem
516 872 599 935 qnae
621 871 662 917 ex
684 849 820 935 syllabis
843 855 893 916 est
913 848 1004 932 fieta,
1027 868 1099 915 eam
1121 865 1222 930 quam
1245 847 1416 933 audimus,

251 975 293 1022 an
316 953 402 1036 quod
425 975 464 1021 ea
486 953 660 1037 signifieat,
693 972 790 1034 qnam
810 951 1043 1034 intellegimus,
1075 969 1118 1014 an
1139 954 1334 1034 utrumque.
1380 949 1417 1016 Si

251 1078 315 1124 vox
338 1056 408 1123 vooi
432 1074 503 1123 esse
525 1054 623 1122 debet
645 1055 773 1137 similis,
796 1052 876 1118 nihil
897 1053 1009 1126 refert,
1040 1050 1126 1136 quod
1148 1050 1323 1134 signifieat
1346 1071 1418 1118 mas

251 1178 293 1225 an
315 1157 434 1225 femina
455 1157 511 1240 sit,
546 1162 578 1222 et
600 1163 703 1222 utrum
725 1175 841 1223 nomen
864 1175 905 1220 an
927 1153 1118 1220 vocabulum
1146 1153 1205 1236 sit,
1242 1155 1342 1236 quod
1366 1154 1418 1221 illi

147 1261 166 1345 g
188 1265 224 1324 11
251 1260 404 1326 interesse
420 1258 537 1324 dieunt.
582 1256 640 1323 Sin
654 1257 735 1323 illud
751 1257 834 1340 quod
852 1255 1048 1340 significatur
1070 1254 1167 1322 debet
1190 1275 1267 1323 esse
1293 1256 1465 1342 simile,1o

100 1361 359 1430 o·⁴²²ssn·¹tDiona
380 1367 411 1427 et
434 1361 568 1427 Theona
596 1379 675 1441 quos
703 1359 813 1425 dieunt
841 1376 912 1424 esse
939 1375 1043 1442 paene
1070 1356 1132 1441 ipsi
1157 1357 1333 1440 geminos,
1368 1358 1417 1425 in·

253 1465 424 1531 veniuntur
445 1480 517 1528 esse
540 1461 729 1543 dissimiles,
752 1460 780 1524 si
802 1461 884 1526 alter
906 1460 967 1527 erit
988 1480 1084 1544 puer,
1107 1461 1190 1526 alter
1213 1480 1336 1542 senex,
1360 1467 1419 1528 aut

253 1582 334 1629 unus
355 1563 448 1627 albus
472 1569 504 1629 et
525 1564 606 1631 alter
628 1562 802 1646 Aethiope,
835 1561 912 1628 item
941 1562 1051 1644 aliqua
1071 1583 1106 1629 re
1128 1563 1194 1628 alia
1216 1563 1417 1631 dissimiles.

254 1663 311 1730 Sin
334 1684 374 1729 ex
397 1667 531 1747 utraque
553 1670 643 1748 parte
666 1663 764 1731 debet
785 1663 920 1731 verbum
941 1683 1012 1729 esse
1034 1663 1155 1749 simile,
1180 1685 1247 1732 non
1271 1667 1345 1733 nito
1368 1649 1417 1732 inss

254 1764 397 1832 venietur
427 1766 502 1847 quin
527 1766 560 1831 in
582 1768 684 1833 altera
713 1771 785 1833 utra
812 1785 847 1832 re
879 1765 1053 1849 olaudioet,
1086 1786 1145 1833 nee
1172 1767 1354 1851 Perpenna
1384 1775 1420 1834 et
1442 1778 1468 1830 te

253 1865 402 1951 Alphena
435 1867 495 1934 erit
524 1868 644 1952 simile,
679 1867 764 1949 quod
797 1869 931 1934 alterum
963 1887 1079 1934 nomen
1111 1868 1231 1952 virum,
1266 1869 1417 1937 alterum

254 1968 420 2035 mulierem
443 1969 611 2052 signifieat.
656 1968 761 2049 Quare
790 1969 939 2052 quoniam
968 1970 1024 2036 ubi
1051 1969 1223 2038 similitudo
1254 1990 1333 2038 esse
1358 1973 1416 2040 de-

254 2070 330 2138 beat
361 2077 522 2154 nequeunt
550 2072 734 2155 ostendere,
768 2070 970 2156 impudentes
999 2076 1072 2138 sunt
1105 2073 1160 2154 qui
1192 2070 1306 2140 dieunt
1339 2094 1416 2142 esse

253 2173 429 2258 analogias.

151 2281 170 2359 ξ
194 2282 234 2342 42
343 2278 394 2340 22.
417 2277 563 2341 Alterum
585 2273 666 2341 illud
689 2272 775 2356 quod
790 2274 868 2358 dixi,
893 2265 1162 2356 quemadmodum
1185 2274 1291 2340 simile
1316 2295 1414 2360 speo-
1437 2289 1467 2340 ao

255 2378 317 2442 tari
338 2382 513 2461 oporteret,
545 2378 692 2458 ignorare
719 2384 855 2462 apparet
882 2396 923 2443 ex
952 2396 1060 2443 eorum
1093 2381 1282 2462 praeoepto,
1320 2375 1414 2460 quod

256 2477 380 2562 dieunt,
414 2499 485 2544 oum
514 2478 675 2544 transierit
702 2499 720 2544 e
747 2477 931 2545 nominandi
960 2479 1088 2544 nasibus
1110 2479 1143 2544 in
1165 2497 1221 2544 eos
1243 2497 1328 2559 quos
1351 2502 1411 2566 ap-

255 2581 377 2665 pellant
408 2579 561 2664 vocandi,
595 2587 661 2650 tum
690 2579 828 2662 denique
855 2598 950 2665 posse
979 2579 1043 2645 dioi
1070 2584 1173 2646 rectos
1196 2598 1267 2647 esse
1280 2571 1412 2650 'similis

338 2765 362 2817 F
380 2765 427 2819 fol.
447 2764 506 2818 201)
524 2769 672 2835 praecepto
690 2765 763 2835 quod

342 2937 353 2983 1
375 2946 456 2986 cassu
474 2931 503 2984 in
521 2937 638 2997 cassum]
657 2934 696 2987 sio
714 2933 746 2986 F.
770 2963 801 2973 -
826 2928 903 3002 ‘fort
923 2931 1047 2986 similiter
1063 2928 1139 2986 fieri'
1157 2930 1228 3000 LSp.
1247 2961 1280 2970 -
1299 2936 1315 2986 2
1332 2919 1409 2991 *loco

253 3019 322 3088 fort.
342 3013 401 3069 del?
420 3015 492 3083 LSp.
515 3046 548 3056 —
572 3021 586 3070 3
604 3011 701 3072 ‘soleat
717 3018 786 3086 sort.
804 3011 865 3071 del'
883 3017 953 3086 LSp.
981 3046 1014 3055 —
1041 3021 1057 3069 4
1074 3013 1153 3086 ‘fort
1171 3012 1310 3084 ignorent'
1331 3016 1409 3090 LSp.

255 3134 289 3142 -
308 3107 323 3155 5
341 3105 405 3165 non]
424 3098 532 3154 addidit
547 3099 764 3156 Vertraniua.
792 3118 829 3156 ad
846 3105 878 3156 ut
895 3109 935 3155 est
951 3096 1011 3156 ‘wie
1028 3094 1148 3168 wenig’?
1166 3116 1301 3169 —quero
1320 3099 1355 3155 F.
1375 3132 1410 3142 -

256 3192 272 3242 6
290 3186 425 3250 estilota]
444 3184 562 3241 conficta
580 3186 674 3240 GHa.
703 3218 735 3226 -
763 3192 777 3240 ‘l
797 3187 840 3255 ea]
866 3201 926 3241 eam
943 3186 1029 3255 vulg.
1048 3201 1085 3241 ex
1103 3185 1134 3239 B.
1161 3181 1238 3256 ‘fort
1263 3200 1297 3239 ea
1320 3185 1408 3254 signi-

256 3273 355 3328 ficatur
373 3271 415 3326 vel
431 3286 467 3325 an
491 3287 561 3339 quae
583 3271 732 3339 signifieat,
760 3287 820 3326 eam
844 3268 938 3340 quam’
964 3271 1037 3341 LSp.
1060 3269 1269 3341 intellegendam
1291 3267 1346 3324 oid.
1371 3286 1410 3326 au

255 3359 366 3413 uerbum
385 3356 422 3412 sit
438 3355 467 3409 id
484 3357 556 3425 quod
574 3372 608 3411 ea
625 3373 677 3411 vox
696 3355 840 3424 signifieat.
868 3387 902 3395 —
929 3358 944 3410 8
965 3371 1025 3411 esse
1049 3356 1139 3420 debet]
1157 3355 1195 3424 F,
1221 3354 1321 3410 debeat
1345 3370 1409 3410 esse

257 3442 346 3510 GHa,
366 3441 447 3496 debet
464 3440 593 3511 esseVp.
614 3472 645 3480 -
662 3440 748 3495 nichil
759 3440 792 3494 F.
811 3471 844 3479 -
863 3440 1095 3510 dilliHraetus,
1113 3441 1159 3510 ille
1171 3440 1203 3509 F,
1221 3439 1267 3494 ille
1285 3440 1409 3508 nostri,

255 3528 312 3583 illei
326 3527 396 3595 usp.
416 3557 448 3565 —
469 3531 497 3581 11
512 3530 540 3581 et
557 3528 676 3581 atheona
687 3526 720 3593 F,
738 3539 809 3579 corr.
822 3525 860 3593 M,
879 3525 1016 3581 Laetus.
1034 3556 1069 3566 -
1085 3540 1155 3596 pene
1168 3525 1199 3579 F.
1218 3555 1252 3566 —
1272 3527 1301 3579 13
1315 3523 1407 3592 albus]

257 3613 352 3668 Gallus
370 3611 589 3680 Augustinus
607 3627 644 3665 ex
660 3610 700 3663 IX
719 3611 735 3678 ξ
753 3614 795 3663 42.
820 3640 853 3648 -
876 3614 905 3664 et
922 3627 973 3665 om.
991 3611 1111 3665 Aldus.
1135 3640 1169 3649 -
1195 3609 1302 3678 ethiops
1320 3609 1353 3663 F.
1372 3641 1409 3650 -

257 3697 387 3752 dissimile
405 3696 438 3764 F,
462 3713 533 3750 corr.
552 3696 640 3765 vulg.
667 3723 699 3732 -
730 3697 762 3748 14
779 3694 901 3759 verbum]
927 3691 1005 3765 ‘fort
1030 3696 1112 3752 verbo
1129 3690 1253 3750 verbum’
1273 3694 1344 3764 LSp.
1372 3726 1409 3738 -
1473 3753 1476 3760 ,

259 3787 289 3836 15
309 3783 383 3851 quin]
401 3782 448 3851 qui
466 3782 498 3849 F,
517 3797 590 3836 corr.
609 3780 755 3836 Veneta.
774 3809 805 3818 -
826 3784 857 3833 16
875 3778 966 3835 aliaeu
983 3782 1017 3849 F,
1036 3781 1146 3837 aliaena
1163 3780 1304 3835 Laetus.
1326 3775 1408 3850 ‘fort

256 3864 417 3934 Perpennae
440 3864 569 3935 Alphena
592 3864 634 3919 ved
656 3864 802 3934 Perpenna
825 3863 980 3934 Alphenae'
1009 3866 1081 3937 LSp.
1107 3895 1141 3904 -
1168 3869 1199 3918 18
1217 3865 1405 3934 imprudentes

256 3949 389 4005 Laetus
407 3967 467 4006 cam
479 3951 511 4005 B.
531 3981 564 3990 -
583 3954 615 4004 21)
633 3949 720 4005 simile
738 3950 878 4018 expectari
889 3949 922 4018 F,
941 3948 1221 4016 eorr.vict0rius,
1238 3949 1408 4018 Angusti-

257 4049 327 4088 nus.
347 4064 380 4072 -
399 4040 430 4089 21
444 4030 522 4104 ‘sort
541 4031 677 4106 oporteat’
692 4034 763 4104 LSp.
783 4065 816 4075 -
834 4037 866 4088 22
879 4051 960 4106 quom
971 4034 1006 4089 Η.
1025 4063 1060 4074 -
1077 4037 1109 4086 23
1126 4035 1226 4098 rectos]
1242 4034 1312 4103 fort.
1329 4038 1408 4091 reete

258 4117 300 4172 vel
316 4121 391 4173 reete
409 4134 464 4174 eos.
