3038 5048
260 312 320 372 190
602 312 716 369 LIBER
733 312 908 369 OCTAVUS.
944 314 1089 381 §tt-ts.

107 501 136 553 u·
146 499 184 543 ⁴⁴⁰
193 498 251 552 snt
259 486 363 571 prima
385 484 499 567 absint,
522 491 557 549 ut
578 486 620 551 ab
643 483 805 569 Optimum
827 484 943 570 Optius
964 484 1093 570 Optum,
1114 483 1197 550 alias
1220 490 1258 552 ut
1283 484 1427 568 primum

153 589 173 669 ξ
195 590 233 651 77
260 593 292 654 et
317 586 444 652 tertium
468 587 566 670 desit,
590 594 666 651 uta
688 587 802 653 Melius
824 587 942 655 Melum
964 586 1193 653 Melissumum.
1241 587 1427 654 Praeterea

260 688 287 755 si
310 688 490 753 dicerentur
513 687 668 771 similiter,
692 709 763 754 cum
785 689 904 754 similia
926 692 1032 756 essent
1053 687 1160 753 Macer
1182 687 1291 754 Sacer
1316 689 1425 756 Tener

233 850 236 854 r
259 796 292 855 et
313 788 519 856 Macerrimus
541 790 739 857 Sacerrimus
761 789 973 872 Tenerrimus,
1000 808 1063 855 non
1086 788 1290 874 discreparet
1314 790 1352 858 in
1376 790 1425 858 bis

258 890 394 958 Macrior
416 891 585 975 Tenerior,
619 912 724 974 neque
751 892 817 959 alia
845 891 1014 976 trisyllaba
1039 890 1163 975 fierent;
1199 891 1289 958 etsi
1315 893 1353 958 in
1375 893 1459 959 bist

260 993 475 1060 dominaretur
496 994 681 1078 similitudo,
709 993 886 1060 diceremus
908 998 944 1060 ut
966 991 1220 1061 candidissimus
1245 993 1424 1062 Candidis

259 1097 350 1178 sima,
373 1097 607 1180 Pauperrumus
623 1097 840 1181 Pauperrima,
863 1096 910 1161 sic
925 1092 1088 1162 Candidus
1103 1092 1262 1179 candida,
1288 1096 1427 1182 Pauper

259 1200 424 1284 Paupera;
447 1205 479 1264 et
500 1205 536 1264 ut
551 1196 823 1265 dicimus.Doctus
839 1197 953 1281 Docta,
977 1196 1187 1264 Doctissimus
1202 1195 1423 1282 Doctissima,

259 1299 306 1366 sic
328 1300 506 1367 diceremus
528 1300 786 1384 Frugalissumus
809 1298 1057 1383 Frugalissima,
1090 1299 1213 1381 Frugus
1237 1304 1270 1364 et
1295 1300 1422 1384 Fruge.

154 1404 236 1483 §78
259 1403 301 1468 Et
333 1401 362 1468 si
393 1402 597 1487 proportione
631 1405 737 1469 esseut
767 1400 884 1481 verba,
922 1405 957 1464 ut
988 1421 1050 1467 uno
1083 1399 1241 1468 vocabulo
1275 1398 1424 1470 dicimus
1448 1417 1473 1468 tu

108 1504 362 1572 uoces-avitum
384 1511 417 1571 et
437 1503 604 1569 mulierem
627 1504 813 1588 Sapientem
837 1510 868 1569 et
891 1502 1087 1586 Diligentem
1113 1509 1145 1568 et
1172 1498 1423 1587 Sapientiorem

260 1614 292 1674 et
314 1606 572 1689 Diligentiorem,
605 1606 652 1670 sic
675 1603 852 1671 diceremus
874 1605 967 1687 item,
995 1624 1066 1669 eum
1088 1603 1354 1689 pervenissemus
1378 1605 1424 1674 ad

259 1728 433 1789 summum,
460 1706 546 1789 quod
571 1727 654 1773 nunc
672 1707 806 1772 iacimus
829 1704 937 1790 aliter3
970 1726 1045 1772 nam
1067 1705 1170 1772 virum
1193 1704 1337 1775 dicimus
1362 1709 1422 1776 Sa-

258 1808 490 1894 pientissimum
513 1817 545 1874 et
567 1808 868 1892 Diligentissimnm,
903 1808 1054 1874 feminam
1076 1807 1364 1892 sapientissimam
1388 1818 1423 1878 et

258 1909 552 1990 Diligentissimam.
598 1908 692 1988 Quod
708 1911 749 1976 ad
764 1910 994 1977 vocabulorum
1009 1909 1103 1976 huius
1118 1911 1243 1993 generis
1260 1916 1423 1997 exempla
1445 1926 1473 1977 15

258 2012 410 2096 pertinet,
444 2013 543 2078 multa
573 2019 645 2079 sunt
673 2012 813 2097 reliqua3
847 2012 905 2078 sed
927 2031 966 2077 ea
989 2031 1071 2095 quae
1093 2011 1179 2078 dicta
1200 2012 1244 2077 ad
1267 2013 1420 2082 iudican-

258 2113 334 2179 dum
356 2115 434 2180 satis
456 2124 545 2198 sunt,
580 2133 659 2196 quor
681 2113 847 2196 analogias
872 2113 906 2178 in
929 2114 1098 2179 collatione
1126 2114 1297 2179 verborum
1320 2119 1420 2201 sequi

257 2236 321 2283 non
344 2214 526 2284 debeamus.

328 2492 339 2538 1
361 2485 461 2548 absint]
477 2482 585 2555 ‘quidue'
602 2483 647 2538 lu'c
665 2500 775 2554 quoque
791 2483 900 2538 desint?
922 2485 972 2538 cicc
987 2490 1104 2555 propter
1120 2500 1194 2556 seqq.
1213 2487 1247 2540 ab
1265 2489 1414 2560 optimum,

258 2572 414 2640 quaesout.
433 2565 492 2623 del?
511 2570 583 2639 LSp.
602 2599 635 2608 —
650 2562 729 2638 ‘fort
748 2572 841 2638 optum
860 2566 962 2637 optius‘
975 2569 1045 2639 LSp.
1063 2600 1096 2608 —
1115 2573 1130 2622 2
1149 2585 1166 2623 a
1183 2571 1279 2627 melius
1297 2575 1412 2640 melum]

257 2657 327 2725 LSp‚
347 2654 479 2709 amelum
496 2654 593 2708 melius
610 2655 643 2721 F,
670 2649 734 2707 ‘nabe'
753 2653 830 2721 forte
847 2653 926 2708 scrib.
946 2659 977 2708 ut
994 2655 1094 2708 melum
1111 2651 1307 2710 melissumum‘
1335 2658 1414 2728 LSp‚

258 2745 287 2795 ut
305 2741 404 2795 melum
422 2740 519 2795 melius
536 2739 720 2794 melissumum
738 2743 800 2800 (om.
818 2745 844 2805 a)
864 2739 979 2794 Groth.
998 2770 1031 2778 -
1052 2738 1245 2805 melissumum]
1263 2742 1305 2794 sic
1320 2743 1356 2797 F.
1379 2776 1412 2784 -

255 2830 390 2912 preterea!
401 2827 433 2879 F.
453 2855 486 2864 —
506 2829 521 2878 3
539 2823 678 2878 diceretur
695 2823 833 2878 Laetus.
861 2854 895 2862 —-
921 2829 1020 2888 macer]
1038 2839 1103 2879 acer
1119 2825 1152 2893 F,
1177 2841 1247 2881 corr.
1266 2826 1409 2884 Laetus.

257 2939 289 2948 —
309 2914 325 2963 4
342 2910 532 2974 macerrimusl
545 2908 692 2963 acerrimus
711 2908 772 2962 Ha.
799 2938 832 2947 —
859 2909 1030 2978 discreparet
1051 2909 1080 2962 iu
1098 2925 1185 2980 murq.
1204 2926 1274 2965 corr.
1294 2928 1333 2968 cx
1351 2914 1410 2969 dis·

258 2998 381 3063 reptaret
399 2994 431 3061 F,‘
450 2994 625 3062 disceparent
642 2992 744 3059 ΘΗΜ,
762 2992 932 3064 discreparet
949 2993 1069 3048 ceteri.
1088 3025 1121 3033 -
1140 2995 1296 3060 5tenerior]
1314 3001 1409 3053 tener·

256 3078 340 3131 rimus
359 3079 391 3144 F,
419 3080 446 3132 et
462 3077 548 3146 magis
566 3093 645 3131 sacer
663 3081 691 3131 et
708 3078 828 3132 tenerior
846 3078 991 3132 Laetus·
1006 3075 1083 3144 ‘fort
1102 3072 1155 3134 ded
1173 3095 1251 3135 sacer
1268 3088 1296 3135 et
1313 3098 1408 3138 saeer-

255 3156 354 3218 rimvis'
382 3161 452 3230 LSp.
478 3177 520 3201 ·—
550 3161 701 3231 trisyllaba]
729 3159 871 3230 trisyllaba
887 3161 952 3215 ‘alia
978 3161 1182 3234 quadrisyllaba
1208 3165 1406 3238 Scioppius,

253 3242 314 3302 “s'ed
334 3244 430 3318 potius
454 3247 494 3301 sie
518 3241 654 3317 pauenda
672 3254 736 3300 suut
762 3242 843 3301 uerba
869 3245 925 3298 alia
950 3244 1159 3316 quadnsyllaba*
1175 3249 1231 3303 alia
1248 3236 1407 3320 trisyllaba'

253 3333 327 3402 Lsp.
350 3331 544 3387 uocabulorum
566 3332 670 3386 exitum
695 3330 768 3385 erior
791 3331 872 3382 trium
890 3321 1059 3397 syllabarum
1071 3329 1135 3386 'csse
1152 3334 1217 3388 dicit
1236 3333 1345 3406 ope'uorj
1373 3340 1407 3377 ''—

259 3424 272 3472 l
290 3421 497 3488 pauperrumus]
515 3417 555 3471 sic
572 3414 604 3469 F.
635 3446 667 3453 -
692 3418 707 3468 8
725 3429 848 3483 paupera
865 3430 937 3469 corr.
956 3415 999 3469 ccl
1014 3433 1052 3471 ex
1068 3419 1203 3488 pauperia
1220 3420 1264 3475 vel
1279 3437 1317 3475 ea·
1334 3437 1405 3492 pau-

252 3505 317 3573 'peri
334 3505 367 3558 F.
392 3534 425 3542 —
449 3501 624 3558 doctissimus
643 3499 815 3554 doctissimus
839 3498 998 3554 doctissima
1019 3503 1068 3557 red
1089 3504 1176 3559 medio
1202 3506 1295 3560 vocab.
1313 3505 1404 3561 deleto

256 3589 288 3642 F.
317 3619 348 3627 -
375 3583 610 3656 9''frugalissima
627 3580 855 3653 ''frugalissumus
874 3584 907 3638 F.
924 3578 973 3639 ‘bu
992 3586 1209 3644 obluit‘dicimus
1227 3589 1402 3646 doctissimus

256 3673 426 3741 doctissime,
455 3674 551 3728 doctus
576 3672 674 3739 docta,
701 3672 742 3724 sic
759 3669 1032 3747 diclrugalissimus
1055 3672 1251 3741 frugalissimis,
1268 3674 1403 3744 irugalus

255 3752 395 3827 frugalai'
421 3756 492 3826 LSp.
520 3787 552 3797 —
582 3761 612 3810 10
632 3760 660 3810 et
678 3755 710 3819 si]
729 3771 762 3810 ea
780 3755 804 3809 si
822 3753 962 3811 Laetus.
991 3788 1023 3796 —
1049 3759 1253 3828 proportionem
1271 3759 1308 3827 F,
1328 3775 1403 3815 corr.

254 3842 392 3898 Laetus.
411 3874 445 3881 —
463 3858 522 3898 esse
540 3843 572 3895 F.
590 3871 624 3880 —
642 3845 682 3905 ut]
701 3844 729 3894 et
745 3840 778 3906 F,
805 3854 877 3895 corr.
897 3842 1018 3897 Aldus.
1037 3873 1070 3883 -
1092 3847 1121 3898 13
1139 3843 1255 3898 facimus
1273 3858 1345 3898 corr,
1365 3861 1400 3899 ex

255 3926 388 3982 Decimus
406 3927 429 3980 F
448 3926 537 3992 (Keil).
556 3957 587 3965 —
606 3925 826 3996 sapentissimum
846 3924 868 3977 F
887 3927 967 3992 (Grot
986 3932 1005 3992 l.
1033 3959 1065 3967 -
1096 3928 1403 3998 tvqnor1LSp,quod

255 4026 325 4065 corr.
344 4029 382 4068 cx
400 4027 514 4081 quorum
533 4012 565 4079 F,
584 4013 656 4080 quod
675 4010 795 4066 ceteri.
816 4010 854 4080 ef.
873 4011 1006 4066 Lacbm.
1025 4012 1061 4066 ad
1077 4012 1187 4066 Lucret.
1206 4028 1233 4081 p.
1255 4016 1312 4077 156,
1338 4013 1401 4083 LSp

254 4095 348 4151 Kritik
366 4098 391 4151 d.
411 4099 443 4152 V.
460 4114 489 4166 p.
508 4102 540 4151 44
558 4115 597 4167 sq,
622 4096 758 4163 Madvig
775 4096 890 4150 Advers.
908 4097 943 4164 11,
964 4102 1021 4151 174.
1039 4097 1092 4151 uid.
1109 4096 1187 4165 infru
1205 4097 1244 4150 IX
1268 4102 1283 4160 ξ
1302 4101 1342 4151 36.
1368 4128 1403 4138 -

255 4181 411 4251 collatione]
432 4185 618 4239 contentiones
637 4197 723 4253 supro
741 4199 768 4251 p.
784 4184 842 4250 189,
861 4185 884 4236 9.
905 4212 937 4221 -
955 4182 1028 4251 quod
1045 4179 1184 4247 analogias
1205 4220 1232 4233 ..
1252 4182 1401 4238 debeamus

272 4265 305 4320 el.
323 4267 462 4337 Madvig
479 4268 578 4337 Opusc.
596 4268 631 4335 ΙΙ,
651 4270 710 4320 237.
728 4297 761 4306 -
782 4269 812 4321 18
830 4265 958 4322 debemus
977 4265 1109 4321 GHMa.
