3038 5048
470 316 585 374 LIBER
602 317 793 375 SEPTIMUS.
829 320 846 387 5
864 321 974 373 76-79.
1216 316 1274 377 147

285 493 433 560 Lumen
454 490 596 558 iubare
618 490 658 558 in
680 490 796 558 caelo
818 509 947 557 cerno.
1300 493 1320 573 ξ
1344 496 1383 558 76

132 593 230 661 Iubar
244 593 360 661 dicitur
374 592 470 660 stella
491 592 613 676 lucifer,
636 590 774 676 quaein
795 610 920 658 summo
943 589 1029 674 quod
1050 590 1151 658 habet
1170 592 1435 662 lumeuooscsnb

134 693 302 778 diffusum,
326 699 363 762 ut
383 695 435 760 leo
457 692 491 760 in
513 694 618 779 capite
639 693 759 761 iubam.
803 692 905 760 Huius
927 696 1015 759 ortus
1036 691 1197 777 significat
1218 693 1276 760 cir-

133 796 212 864 citer
233 815 305 864 esse
326 803 505 864 extremam
525 800 661 864 noctem.
705 797 819 880 ltaque
840 794 887 861 ait
909 793 1065 861 Pacuius:

95 912 110 962 s
282 900 435 966 Exorto
456 898 621 983 iubare,
643 897 778 965 noctis
801 894 971 964 decurso
993 895 1152 963 itinere.

217 998 314 1085 Apud
335 1000 486 1068 Plautum
508 1000 542 1067 in
562 999 710 1067 Parasito
730 999 843 1084 Pigro:
1302 999 1322 1079 ἓ
1346 1002 1383 1064 77

284 1099 385 1168 Inde
407 1102 473 1168 hic
494 1103 594 1170 bene
616 1108 736 1186 potus
757 1100 934 1186 primulo
955 1098 1203 1183 crepusculo

134 1201 360 1287 crepusculum
385 1204 428 1269 ab
451 1203 588 1288 Savinis,
615 1210 648 1271 et
669 1203 703 1269 id
725 1201 858 1269 dubium
880 1208 1004 1287 tempus
1026 1199 1129 1266 noctis
1150 1220 1193 1267 an
1214 1198 1280 1267 diei

134 1304 184 1371 sit.
227 1305 337 1386 itaque
358 1303 392 1369 in
414 1303 570 1373 Condalio
592 1312 655 1372 est:

83 1421 111 1471 10
285 1407 379 1473 Tam
402 1408 640 1491 crepusculo
662 1406 748 1474 iere
768 1410 811 1474 ut
831 1408 967 1471 amant
988 1402 1200 1489 lampades
1222 1418 1434 1474 aedo-suere)

1022 1504 1195 1573 condite.

135 1608 210 1677 ideo
232 1608 350 1677 dubiae
371 1630 423 1677 res
446 1610 603 1696 Creperae
625 1609 739 1679 dictae.

217 1714 256 1778 ln
278 1712 477 1780 Trinummo:
1304 1711 1324 1791 ξ
1345 1711 1386 1777 78

286 1812 537 1882 Concubium
559 1812 614 1880 sit
634 1813 769 1879 noctis
791 1812 1023 1896 priusquam
1044 1809 1116 1896 [cd]
1131 1816 1281 1896 postre-

82 1928 111 1978 15
825 1934 924 1980 mum
944 1913 1194 1997 perveneris.

136 2015 333 2082 Concubium
354 2037 375 2082 a
397 2016 568 2083 concubitu
592 2014 770 2083 dormiendi
792 2035 890 2082 causa
911 2013 1040 2082 dictum.

218 2119 257 2183 Iu
278 2117 443 2184 Asinaria:
1302 2118 1324 2198 ξ
1346 2118 1387 2180 79

288 2219 520 2303 videbitur,
542 2219 692 2287 iactum
713 2218 823 2303 mio,
845 2215 980 2284 redito
1002 2214 1238 2285 conticinio.

135 2328 244 2406 putem
266 2340 287 2386 a
309 2319 543 2389 conticiscendo
567 2320 778 2403 conticinium,
800 2319 879 2404 sive,
901 2324 935 2385 ut
949 2318 1074 2403 Opilius
1096 2318 1217 2401 scribit,
1238 2317 1281 2384 ab
1289 2336 1320 2388 o·
1328 2335 1366 2379 ass
1375 2333 1434 2389 εν)

87 2435 116 2486 no
140 2441 179 2490 eo
201 2443 273 2490 cum
295 2423 513 2490 conticuerunt
534 2422 687 2489 hominos.

223 2663 234 2712 1
254 2657 342 2712 iubar.
361 2672 397 2711 uo
415 2656 447 2724 F,
472 2656 586 2711 iubarre
603 2655 690 2725 vulg.
709 2654 806 2710 iubare
820 2654 921 2726 scripsi
937 2659 969 2708 ut
985 2670 1072 2724 sopra
1089 2669 1117 2722 p.
1136 2658 1179 2722 75,
1198 2658 1222 2709 1.
1248 2682 1284 2693 ——

136 2747 151 2797 2
169 2758 239 2810 quae
257 2758 342 2812 quasa
358 2742 496 2797 Lachm.
514 2742 550 2796 ad
567 2741 649 2795 Lucr.
667 2740 703 2809 II,
722 2744 780 2795 291.
799 2739 870 2794 olim.
889 2738 940 2794 del.
958 2739 1031 2810 LSp.
1049 2740 1124 2808 quod
1138 2739 1210 2809 fort.
1226 2739 1283 2810 sip-

134 2827 189 2898 m'f.
207 2828 325 2896 aliquod.
345 2856 378 2867 —
397 2830 412 2881 3
431 2825 497 2880 iuba
514 2824 549 2880 H.
564 2819 644 2896 ‘fora
661 2825 769 2893 iubam,
786 2825 879 2894 iubar,
896 2823 952 2879 nisi
966 2841 1053 2896 sopra
1070 2823 1150 2879 scrib.
1168 2823 1284 2878 lucifera

134 2907 174 2966 in’
195 2912 266 2981 LSp.
284 2941 319 2951 —
336 2916 353 2964 4
370 2911 486 2982 pacuius
504 2910 536 2979 F,
554 2909 670 2981 pacuuis
687 2927 715 2980 p,
732 2910 866 2978 paeonius
884 2909 1005 2965 ceteri.
1024 2940 1056 2948 -
1075 2909 1173 2964 ‘ibono
1189 2911 1283 2978 potus]

134 2998 169 3052 de
185 3002 303 3067 nepotas
321 2997 354 3065 F,
381 3013 452 3051 corr.
470 2996 559 3051 Pius.
587 3026 620 3035 -
646 2996 773 3066 primulo]
792 2995 964 3064 Scaliger,
990 2995 1077 3065 primo
1098 2993 1187 3048 libri.
1205 2992 1283 3062 conf.

134 3081 278 3137 Ritschl
289 3082 340 3151 Op.
353 3081 388 3150 11,
402 3084 460 3134 276.
479 3082 561 3135 etiam
572 3080 662 3136 Plani.
676 3080 737 3135 Cas.
750 3080 818 3150 prol.
832 3085 866 3134 40
877 3079 994 3151 primulo
1007 3079 1169 3150 crepusculo
1186 3076 1283 3144 scribe,

135 3167 182 3222 abi
198 3167 285 3237 primo
299 3166 368 3221 libri.
386 3196 421 3206 -
440 3170 454 3220 8
469 3166 659 3236 crepusculum
672 3164 776 3220 dictum
786 3165 925 3220 Laetus.
944 3196 978 3206 -
997 3164 1101 3221 sauinis
1113 3164 1236 3233 FMVp.
1248 3193 1283 3202 —

134 3254 171 3314 et]
190 3251 262 3319 qnod
278 3251 411 3306 Mullor.
431 3281 465 3290 -
484 3255 516 3305 10
533 3255 598 3314 tam]
616 3254 663 3305 tric
681 3250 714 3318 V,
733 3253 783 3304 lua
799 3265 827 3318 p.
846 3280 879 3288 —
896 3253 989 3305 ament
1005 3249 1144 3304 Laetus.
1162 3279 1196 3288 -
1212 3248 1281 3304 lam·

133 3335 220 3403 padas
237 3352 265 3405 p,
283 3334 422 3391 Laetus.
442 3336 594 3391 accendere
610 3335 696 3404 vulg.
715 3365 749 3374 -
768 3338 799 3389 12
812 3334 911 3390 dubiae
928 3339 982 3399 res]
1001 3334 1049 3388 ubi
1066 3335 1145 3389 heros
1156 3331 1282 3402 FMVp,

133 3421 152 3471 u
175 3421 225 3488 hec
248 3434 293 3472 ros
312 3419 350 3487 G,
377 3420 425 3474 ubi
447 3421 500 3474 hae
523 3436 568 3476 res
591 3420 657 3488 Ha,
683 3435 754 3475 corr.
773 3419 911 3474 Laetus.
938 3449 971 3458 —
1000 3423 1032 3473 14
1049 3419 1085 3473 ad
1107 3420 1281 3488 postremum]

134 3501 255 3558 Plauti
272 3502 371 3572 libri,
388 3508 554 3573 postremum
566 3505 706 3559 Varronis.
724 3533 759 3543 -
778 3508 809 3557 18
827 3503 924 3569 redito]
942 3520 1029 3574 supra
1042 3504 1081 3559 VI
1098 3506 1143 3572 §7
1161 3519 1189 3572 p.
1203 3507 1244 3570 is,
1257 3503 1282 3570 9,

133 3588 170 3643 ad
192 3588 311 3643 reditum
327 3588 462 3656 FMaB,
488 3588 525 3643 ad
541 3588 678 3643 redditum
697 3589 760 3658 Hp,
787 3591 817 3643 at
838 3588 946 3643 reddito
965 3588 998 3655 (l,
1025 3592 1056 3643 at
1077 3587 1167 3642 redito
1190 3586 1282 3641 Rho·

133 3671 322 3740 landcllus,
347 3673 455 3728 reddito
480 3672 509 3727 b.
535 3672 624 3728 redito
648 3673 703 3728 huc
728 3672 849 3727 Plauti
874 3672 960 3726 libri
980 3672 1030 3740 III,
1048 3675 1073 3740 3,
1091 3677 1131 3727 95.
1159 3671 1170 3724 i
1192 3670 1282 3726 redito

133 3756 362 3826 Augustinus.
389 3787 423 3794 -
450 3756 774 3826 conticinn01putomF
793 3763 819 3811 et
842 3757 949 3813 omissas
970 3756 1076 3812 dnobus
1097 3756 1207 3827 punctis
1225 3770 1282 3810 ce·

132 3842 211 3899 tori
232 3872 265 3881 —
283 3840 440 3907 conticinio,
459 3841 635 3897 conticinium
651 3845 720 3911 puto
736 3841 870 3897 Laetus.
888 3871 922 3882 —
941 3846 972 3897 19
985 3839 1203 3896 conticinnamF
1220 3854 1282 3894 cam

133 3929 229 3982 ceteris
244 3931 360 3996 practer
377 3924 446 3982 ΕΗ.
469 3955 501 3966 -
526 3925 590 3990 sive]
609 3926 682 3994 quod
699 3925 820 3983 Reiter
835 3944 863 3997 p.
883 3931 916 3982 93
934 3943 973 3995 sq.
1000 3955 1034 3965 —
1060 3929 1094 3979 20
1112 3926 1185 3992 cum]
1202 3920 1281 3995 ‘fora

133 4013 206 4081 quod
227 4005 300 4067 tum‘
327 4011 397 4082 LSp.
424 4041 459 4051 -
486 4009 686 4075 conticuerunt]
711 4014 858 4067 acuerunt
882 4011 955 4067 MV.
982 4039 1017 4049 -
1041 4010 1174 4075 hominos]
1202 4006 1281 4082 ‘fora

132 4090 239 4152 omucs'
262 4096 332 4166 LSp.
353 4095 472 4151 Christ
494 4095 592 4151 Philol.
610 4093 690 4151 XVII
712 4112 740 4165 p.
759 4099 800 4150 69.
827 4095 890 4166 LSp
907 4094 987 4151 XVII
1002 4112 1030 4165 p.
1050 4098 1109 4149 393.
1135 4093 1179 4150 dis
1204 4093 1283 4150 addit

133 4181 322 4252 Scioppius
344 4198 377 4236 ea
399 4196 472 4251 qaae
497 4179 575 4249 iufra
598 4180 665 4248 §83
689 4180 764 4251 apud
786 4179 901 4236 decium
919 4221 926 4235 .
945 4219 953 4233 .
971 4180 1063 4236 dictae
1086 4181 1192 4254 scripta
1216 4185 1282 4236 suat

132 4264 167 4320 de
182 4267 302 4321 Aurora.

1026 4352 1079 4408 10·
