3038 5048
190 328 280 371 xnvm
688 316 826 373 Praelatio.

185 490 367 565 adseriptivis
390 531 398 549 .
422 532 429 547 .
452 493 638 563 ferentarium
662 534 693 551 ..
716 493 824 549 rorarii
847 534 880 550 ..
902 492 1031 561 aaomrir
1052 491 1114 550 aiibi
1137 493 1246 553 litteras
1268 496 1343 571 sequi

184 575 303 641 videtur,
328 584 358 633 ut
381 574 519 633 Camenas
542 593 657 644 oasam,
680 579 816 651 arndapo,
839 578 952 651 adapio,
976 587 1007 635 ut
1028 578 1072 636 vix
1093 595 1158 637 casu
1181 583 1341 639 conveniant

184 658 203 733 ξ
226 663 276 726 41,
301 662 341 719 42
366 659 479 732 Orator,
505 659 572 719 otti.
1086 709 1092 719 .

269 746 357 804 Tertia
386 749 419 805 de
448 747 614 822 temporibus
642 764 705 822 pars
732 748 824 823 paucis
852 747 977 806 absoluta
1004 756 1046 806 est
1073 765 1119 806 sex
1145 749 1216 807 loeis
1247 750 1338 816 allatis,

185 847 300 906 quorum
323 841 378 890 tres
400 834 563 909 posteriores
586 849 601 889 e
624 832 752 889 Plautinis
773 831 869 890 labulis
891 834 1002 891 eandem
1031 845 1187 908 sequuntur
1215 835 1338 901 litteram,

185 918 349 989 crepusculo
374 959 405 974 ..
429 918 594 974 concubium
618 958 650 975 ..
673 919 833 975 conticinio.
877 916 1076 975 advertendum
1098 927 1141 976 est
1163 919 1241 994 §77
1266 922 1339 995 apud

186 999 318 1057 Plautum
340 1004 371 1059 iu
392 1003 526 1060 Parasito
546 1004 639 1076 pipra
661 1002 820 1060 alterutrum
842 1001 949 1068 suflicit,
972 1011 1020 1061 aut
1041 1012 1137 1078 poetae
1153 1007 1236 1079 apud
1250 1006 1338 1064 Plau·

186 1092 251 1149 tum,
275 1095 322 1143 aut
337 1086 442 1145 fabulae
457 1104 556 1145 nomen
571 1088 601 1143 in
617 1086 750 1143 Parasito
770 1088 853 1162 pipro
875 1097 906 1145 ut
927 1087 947 1161 ξ
963 1089 1013 1147 62.
1036 1104 1108 1145 unus
1127 1089 1211 1147 huius
1235 1092 1337 1166 generis

185 1178 256 1225 extat
277 1169 368 1236 loeus,
403 1174 449 1248 qui
474 1171 621 1230 multorum
643 1172 726 1229 movit
748 1172 958 1237 dubitationem,
991 1171 1059 1230 inira
1081 1172 1101 1247 ὅ
1127 1173 1186 1235 104
1210 1176 1337 1234 Murrius

184 1256 215 1310 in
240 1251 393 1331 Casina.*)

269 1341 408 1399 Postrema
435 1359 496 1417 pars
524 1359 615 1399 earum
647 1359 737 1400 rarum
769 1359 838 1416 quae
871 1352 976 1417 tempus
1009 1341 1118 1417 aliquod
1152 1343 1339 1420 adsignificant

185 1424 268 1482 multa
290 1443 359 1501 quae
381 1428 518 1502 quomodo
541 1444 603 1485 euno
629 1427 669 1483 bis
698 1436 812 1501 cognata
839 1427 893 1485 siut
922 1427 988 1485 haut
1016 1425 1092 1486 facile
1121 1427 1195 1487 dicas
1216 1431 1337 1489 colunes

184 1527 209 1571 v.
232 1527 256 1567 a.
279 1510 489 1578 Andromache,
512 1528 603 1578 euaa,
624 1513 726 1583 ferme,
751 1513 879 1578 comiter,
902 1513 950 1570 sed
970 1512 1023 1571 hoo
1045 1529 1101 1570 non
1123 1529 1268 1581 curamus,
1289 1532 1338 1575 noe

184 1597 206 1654 si
229 1598 289 1671 quis
311 1598 343 1655 ad
367 1607 470 1655 eertum
492 1614 582 1655 rerum
597 1597 639 1655 vel
662 1605 800 1671 poetarum
823 1597 945 1655 ordinem
966 1597 1207 1657 demonstrandum
1230 1600 1336 1674 iugenio

184 1680 320 1746 abutatur,
343 1683 527 1740 invidebimus.
557 1683 630 1758 quod
653 1683 675 1739 si
696 1681 816 1753 legentes
842 1681 985 1740 coniusum
1006 1684 1034 1739 in
1057 1684 1247 1758 superioribus
1268 1702 1337 1761 poe·

184 1776 225 1823 tas
246 1768 344 1825 citandi
365 1784 484 1830 morem,
518 1784 599 1842 quem
628 1768 791 1832 notavimus,
826 1785 905 1841 aegre
937 1768 1074 1834 tulerunt,
1108 1769 1211 1842 primos
1241 1770 1337 1845 viginti

183 1852 258 1909 loeas
280 1853 323 1908 hia
345 1852 437 1909 eadem
457 1852 561 1909 ratione
582 1853 780 1927 praepositione
802 1854 945 1927 praemissa
972 1854 1024 1910 rite
1051 1854 1169 1928 incipere
1191 1855 1264 1913 baud
1284 1856 1338 1914 ini·

184 1953 239 2011 quo
261 1936 350 1994 ferent
370 1936 473 2001 animo,
501 1952 618 2011 quorum
639 1937 741 2012 primus
763 1947 805 1994 est
826 1938 904 2011 apud
924 1934 1053 2004 derium,
1083 1947 1240 2014 postremus
1261 1940 1337 2015 apud

183 2021 338 2087 Paauiumr
359 2023 504 2096 repetitum
524 2022 624 2096 legitur
646 2024 724 2096 opud
734 2021 862 2090 Matium,
887 2024 948 2080 item
964 2024 1043 2097 opud
1055 2022 1181 2080 Ennium
1203 2033 1240 2091 et,
1263 2025 1336 2102 quod

183 2123 266 2180 supra
287 2107 338 2164 iam
359 2107 504 2172 attulimus,
528 2108 606 2180 opud
627 2107 758 2165 Plautum
776 2149 807 2163 ..
830 2109 908 2182 apud
929 2109 1046 2164 eundem
1068 2110 1143 2182 quod
1164 2117 1216 2168 est.
1245 2109 1335 2169 Finem

183 2191 286 2249 iaciunt
306 2192 384 2250 huius
406 2201 516 2266 quartae
537 2193 619 2266 partis
642 2201 697 2250 tres
719 2192 771 2250 loci
785 2210 801 2249 e
815 2192 944 2249 Plautinis
967 2192 1063 2251 sabulis
1085 2191 1105 2269 ξ
1124 2196 1292 2255 103-106
1306 2197 1336 2253 iu

182 2275 368 2336 Aulularia.
392 2320 399 2334 .
421 2279 453 2334 iu
476 2277 577 2334 Colore
601 2320 608 2336 .
632 2319 640 2334 .
661 2280 692 2334 in
716 2277 832 2335 Casina.
875 2279 925 2334 iam
954 2279 1019 2351 quid
1046 2286 1097 2344 est,
1119 2280 1194 2354 quod
1217 2296 1274 2337 non
1294 2280 1336 2339 bio

181 2380 291 2440 quoque
313 2364 391 2437 apud
411 2362 544 2421 Plautum
565 2361 706 2437 legamus‘l
739 2379 773 2419 an
794 2372 826 2419 ut
845 2362 948 2420 facilius
972 2363 1040 2421 liaeo
1069 2361 1115 2420 ubi
1145 2373 1270 2423 extarent
1289 2367 1333 2423 in·
1380 2430 1382 2434 Α

182 2446 338 2508 veniamus?
361 2465 455 2523 parum
470 2449 522 2505 liae
536 2447 685 2523 probabile.
708 2447 867 2504 vocabulum
878 2448 980 2522 pipulo
996 2464 1028 2505 ex
1043 2447 1180 2506 Aulularia
1194 2459 1333 2526 sumptum

180 2533 328 2591 Varronem
361 2543 391 2590 ut
416 2533 565 2607 longiorem
587 2532 786 2590 adnotationem
815 2532 856 2589 vel
889 2549 1030 2590 excursum
1053 2533 1086 2590 de
1107 2532 1195 2591 verbis
1217 2534 1251 2592 ab
1273 2536 1333 2593 ani·

179 2616 286 2673 maltum
308 2617 419 2675 vasibus
441 2618 575 2674 translatis
597 2618 707 2675 adderet
732 2617 831 2681 movit,
858 2625 889 2674 ut
915 2617 981 2675 haee
1010 2618 1098 2675 omnia
1118 2627 1212 2693 postea
1235 2621 1332 2678 inserta

179 2718 237 2758 esse
259 2703 389 2766 conicias,
422 2703 470 2759 sed
491 2703 594 2777 reliqua
617 2703 670 2759 duo
693 2702 826 2777 exempla:
852 2703 883 2759 in
907 2701 1008 2761 Colaae
1029 2719 1134 2760 nerum
1156 2745 1164 2760 .
1188 2745 1197 2762 .
1219 2705 1253 2763 iu
1274 2704 1332 2763 Ca-

180 2787 246 2842 sina
269 2826 276 2842 .
300 2829 308 2845 .
330 2787 469 2844 delituunt
491 2786 620 2843 absonam
642 2804 701 2844 esse
722 2788 790 2844 hanc
813 2789 993 2845 coniecturam
1016 2789 1125 2845 doaent.

264 2869 422 2928 Huiusmodi
450 2871 586 2928 vocabulis
613 2871 645 2927 ab
674 2871 823 2928 animalium
853 2872 964 2930 vocibus
994 2872 1062 2930 fiatis
1090 2881 1194 2931 veteres
1216 2874 1331 2933 libenter

180 2971 242 3012 usos
269 2971 328 3012 esse
361 2956 436 3011 liunii
465 2956 518 3012 liuo
546 2957 667 3030 congesti
694 2956 792 3013 dooent
820 2956 887 3022 loci,
923 2957 1005 3014 Varro
1035 2959 1092 3033 ipse
1120 2958 1192 3033 apud
1214 2959 1332 3018 Nonium

179 3056 207 3113 p.
229 3042 302 3111 450,
326 3042 353 3105 8,
388 3041 498 3098 maxime
521 3057 584 3098 vero
608 3040 754 3098 &rocellae
780 3040 879 3108 irater,
911 3041 991 3108 Geta,
1025 3043 1058 3100 de
1086 3042 1166 3101 euius
1192 3045 1283 3103 studio
1305 3054 1333 3103 et

178 3124 240 3181 lusu
262 3125 331 3181 vitae
352 3133 455 3190 auctor,
479 3125 635 3200 Spartianus
657 3135 740 3200 puto,
763 3143 792 3200 p.
818 3129 875 3186 1³5
900 3127 958 3184 (las.
982 3127 1047 3186 haee
1067 3128 1162 3186 tradit:
1185 3129 1331 3202 familiare

177 3211 222 3268 ilii
248 3209 305 3281 suit
332 3210 385 3267 bos
414 3213 591 3284 quaestiones
619 3211 813 3284 prammatiais
837 3228 998 3285 proponere
1019 3220 1050 3269 ut
1071 3214 1196 3271 dicerent
1217 3216 1331 3288 simpuio

178 3296 319 3351 animalia
334 3298 469 3367 quomodo
484 3313 579 3352 uocem
594 3298 762 3362 emitterent,
784 3298 860 3354 uelut
883 3299 951 3369 apri
973 3298 1080 3362 balant,
1100 3300 1224 3371 porcelli
1244 3316 1330 3372 prun·

177 3381 273 3445 niunt,
299 3382 448 3453 palumbes
469 3383 653 3448 minurriunt,
676 3384 738 3438 ursi
758 3383 903 3447 saeviunt,
926 3383 1020 3438 leones
1042 3383 1171 3454 rapiunt,
1201 3384 1331 3458 leopardi

177 3466 296 3531 riotant,
326 3465 469 3538 elephanti
491 3468 630 3532 barriunt,
653 3483 745 3523 ranae
767 3473 904 3532 caumont,
929 3469 993 3540 equi
1013 3467 1160 3534 hinniunt,
1183 3470 1262 3527 asini
1281 3486 1329 3525 ru·

179 3550 261 3616 dunt,
292 3551 368 3606 tauri
389 3551 528 3623 mupiunt,
562 3567 664 3625 easque
686 3568 721 3608 ea
742 3553 882 3608 ueteribus
905 3553 1083 3626 approbare,
1116 3551 1164 3611 ubi
1187 3553 1329 3612 Salmasius

177 3652 205 3708 p.
221 3637 280 3695 168
296 3635 315 3691 F
330 3636 454 3693 adnotat:
477 3636 567 3692 babeo
588 3653 674 3709 penes
689 3653 732 3692 rne
742 3637 880 3709 popinam
894 3638 1114 3709 manuscriptam
1128 3641 1233 3695 ueteris
1246 3640 1329 3713 frap-

177 3728 300 3777 mentum
321 3722 508 3786 uocabularii,
530 3723 561 3777 in
584 3738 641 3794 qua
656 3723 830 3778 diuersorum
845 3737 926 3778 voees
949 3723 1116 3779 animalium
1137 3731 1326 3797 oaponuntur,

179 3821 261 3876 quam
283 3806 310 3862 lt.
334 3809 353 3863 l.
375 3808 584 3879 proposuissem
606 3814 631 3862 et
654 3807 847 3879 eapliaassenr,
869 3807 968 3880 siper
989 3809 1075 3863 otium
1095 3807 1166 3865 mibi
1186 3809 1330 3879 licuisse&

177 3889 208 3943 in
230 3905 262 3944 eo
284 3891 371 3963 ipitur
393 3893 467 3948 inter
489 3892 549 3948 alia
578 3892 722 3963 iepebatur
751 3893 812 3947 ursi
839 3908 945 3948 aurare
971 3894 1017 3950 oei
1040 3893 1163 3958 seruire,
1198 3895 1328 3952 mondm

181 4045 378 4055 -——-——

253 4134 278 4196 *l
295 4135 366 4190 Alias
384 4143 521 4207 utrumque
537 4154 590 4192 non
608 4139 694 4206 respui
711 4153 758 4204 par
775 4143 830 4203 est,
855 4145 883 4193 ut
905 4140 931 4192 in
950 4140 999 4193 hoa
1016 4140 1073 4207 ipso
1090 4140 1156 4193 libro
1174 4141 1190 4207 ς
1207 4144 1242 4195 bl
1257 4141 1328 4193 itiam

179 4204 228 4254 boe
255 4208 294 4253 esi
319 4208 426 4259 verium
452 4212 482 4259 in
500 4207 630 4261 Cemetria
648 4206 758 4270 Naeuii,
781 4207 797 4274 ξ
817 4211 848 4261 60
872 4212 902 4259 in
921 4209 1070 4261 Corollaria
1088 4207 1209 4261 Naeuius
1226 4246 1234 4262 .
1253 4212 1328 4263 .iia-

180 4287 231 4336 que
247 4271 315 4321 idern
333 4271 458 4340 (Plautus)
475 4281 505 4327 iu
524 4275 685 4328 Curculione
702 4278 749 4342 ait,
768 4275 784 4343 ᾖ
802 4279 835 4330 ts
854 4277 928 4343 apud
943 4276 1074 4328 Naeuium
1091 4281 1120 4328 iu
1139 4276 1276 4331 Clastidio.
