3038 5048
466 306 580 362 LIBER
594 306 786 364 SEPTIMUS.
822 311 839 377 ᾗ
859 313 898 365 16.
919 315 959 365 17.
1210 304 1270 365 123

128 477 172 544 Ut
193 475 279 544 idem
302 476 424 544 scribit:

280 582 435 647 Latona
456 581 590 666 pariet
611 589 724 648 casta
745 584 959 667 complexu
981 584 1091 650 Iovis

281 683 479 750 Deliadas
501 685 692 769 geminos,

127 785 161 852 id
184 791 234 851 θεῖ
255 785 437 868 Apollinem
460 792 492 851 et
514 787 661 853 Dianam.
684 787 730 852 dii
752 786 837 869 quod
860 786 984 852 Titanis
1007 785 1173 853 Deliadae.

90 900 105 950 5
211 887 338 953 Eidem:
1276 906 1421 959 (nucero

125 988 154 1056 Ο
177 996 316 1056 sancte
337 991 502 1075 Apollo,
536 989 602 1070 qui
632 990 867 1057 umbilicum
890 997 1041 1059 certum
1066 996 1269 1058 terrarum
1290 997 1312 1076 ς
1336 999 1374 1059 17

1009 1094 1184 1179 optines!

126 1194 318 1261 Umbilioum
341 1195 459 1261 dietum
482 1193 570 1260 aiunt
591 1194 634 1260 ab
656 1195 807 1261 umbilico
828 1194 952 1279 nostro,
983 1194 1069 1278 quod
1095 1197 1123 1261 is
1145 1195 1270 1263 medius

124 1298 213 1362 locus
235 1298 278 1362 sit
298 1303 469 1379 terrarum,
491 1302 526 1361 ut
547 1296 716 1362 umbilicus
738 1297 771 1363 in
793 1298 899 1379 nobis3
923 1298 1010 1382 quod
1031 1306 1197 1382 utrumque
1220 1304 1269 1365 est

75 1411 103 1462 10
124 1400 250 1465 falsum.
293 1418 398 1481 neque
420 1398 472 1463 hic
494 1398 583 1465 locus
605 1404 654 1465 est
676 1406 829 1465 terrarum
858 1398 998 1484 medius,
1030 1421 1133 1484 neque
1162 1406 1269 1467 noster

124 1501 293 1568 umbilicus
315 1507 366 1566 est
385 1500 521 1568 hominis
544 1498 678 1567 medius.
722 1502 835 1584 Itaque
862 1502 1004 1588 pingitur
1025 1523 1108 1588 quae
1136 1508 1269 1568 vocatur

122 1597 259 1689 ἦχθών
282 1601 486 1688 Πυθαγόρα,
519 1609 554 1668 ut
582 1601 688 1668 media
718 1605 799 1670 caeli
826 1624 865 1670 ac
893 1611 997 1671 terrae
1026 1605 1113 1671 linea
1135 1605 1289 1672 ducatur

123 1706 204 1771 infra
226 1704 410 1772 umbilicum
433 1724 492 1788 per
512 1703 547 1769 id
569 1723 631 1787 quo
654 1704 842 1772 discernitur
864 1707 959 1773 homo
982 1727 1051 1773 mas
1077 1729 1118 1772 an
1147 1706 1268 1773 femina

123 1809 179 1890 sit,
213 1808 268 1874 ubi
290 1815 377 1874 ortus
398 1805 555 1873 humanus
577 1806 690 1874 similis
711 1814 746 1872 ut
768 1808 800 1872 in
822 1808 953 1892 mundo,
987 1810 1033 1875 ibi
1055 1811 1139 1877 enim
1161 1811 1268 1875 omnia

73 1925 101 1975 15
123 1917 295 1977 nascuntur
323 1912 356 1975 in
389 1909 510 1991 medio,
543 1910 630 1991 quod
651 1916 736 1976 terra
757 1908 866 1975 mundi
888 1910 1002 1976 media.
1046 1912 1217 1978 Praeterea
1239 1911 1267 1976 si
1276 1931 1394 1984 meuse.
1402 1930 1420 1982 ι)

123 2011 210 2096 quod
232 2011 371 2077 medium
393 2010 428 2076 id
448 2017 497 2075 est
518 2011 702 2094 umbilicus,
736 2008 791 2097 [ut]
818 2013 886 2096 pila
908 2020 1027 2096 terrae,
1061 2033 1124 2079 non
1147 2013 1267 2099 Delphi

122 2113 278 2198 medium,
311 2121 343 2180 et
366 2119 470 2180 terrae
491 2112 631 2179 medium
652 2135 716 2180 non
745 2115 819 2196 hoc,
854 2116 911 2181 sed
941 2114 1025 2197 quod
1054 2120 1170 2182 vocant
1192 2116 1267 2181 Del·

208 2405 223 2454 2
241 2400 339 2471 pariet]
358 2400 464 2467 Neue,
482 2400 617 2455 Formenl.
636 2401 676 2455 11²
693 2419 720 2471 p.
734 2404 793 2468 474,
811 2400 886 2470 parit
903 2401 937 2466 F,
954 2399 1039 2468 pariit
1056 2399 1219 2468 Scaliger.
1232 2432 1265 2440 —

120 2485 194 2540 Iobis
211 2486 244 2539 F.
273 2517 303 2524 -
331 2486 503 2550 3Deliadas]
529 2486 572 2539 vel
594 2486 722 2540 Deliades
745 2486 808 2556 LSp
832 2501 892 2538 cerm
914 2485 1046 2539 Lachm.
1066 2485 1142 2546 ¹delia
1164 2486 1214 2538 dos
1232 2484 1264 2552 F,

121 2571 194 2624 delia
210 2570 276 2625 deos
294 2571 369 2638 alii,
395 2571 458 2624 Deli
475 2572 541 2625 deos
559 2572 647 2640 vulg.
667 2578 752 2624 torrem
776 2572 864 2624 locum
886 2571 926 2624 sio
949 2571 1044 2624 scribit
1066 2570 1266 2624 Lachmann

121 2672 166 2725 ap.
184 2656 342 2710 Mommsen.
361 2657 433 2710 Mus.
452 2655 540 2710 Rhen.
559 2656 624 2710 XVI
641 2675 667 2726 p.
687 2659 752 2710 285:
777 2656 885 2709 Titanis
902 2656 966 2724 quoi
983 2671 1043 2709 eam
1060 2655 1169 2722 genuit,
1187 2655 1265 2709 utin

120 2740 228 2808 Plocio,
247 2740 326 2796 Lato.
346 2756 393 2808 ea,
412 2745 443 2795 ut
461 2740 556 2794 scribit
573 2742 716 2806 Manilius,
734 2746 777 2795 est
789 2735 874 2795 ‘Coeo
893 2743 987 2794 creata
1005 2733 1126 2794 Titano’.
1145 2745 1176 2794 ut
1192 2740 1265 2794 idem

121 2826 229 2880 scribit:
247 2827 356 2880 Latona
373 2826 447 2894 parit
465 2829 542 2880 casta
560 2827 686 2896 amplexu
703 2827 774 2881 loris
792 2826 921 2881 Delicias
939 2825 1058 2894 geminbs
1075 2845 1097 2870 υ
1111 2862 1123 2870 -·
1136 2855 1158 2864 -
1176 2825 1266 2880 idest

120 2913 173 2981 Ap.
192 2916 220 2966 θῖ
237 2912 361 2967 Dianam.
381 2928 452 2980 quoe
468 2921 619 2980 sequuntur
636 2910 718 2965 uerba
735 2912 774 2965 dii
791 2912 865 2980 quod
882 2910 977 2965 titanis
1000 2910 1125 2965 deliadae
1149 2909 1264 2965 delenda

120 3014 178 3052 esse
195 3004 284 3053 censet
301 3005 330 3051 ut
348 3014 385 3052 ea
403 2996 538 3068 morplnir
559 2996 647 3051 verbis
670 2995 713 3050 lu's
731 2997 821 3052 Diana
845 2996 952 3050 Titanis
975 2995 1108 3051 Deliadae
1128 3001 1203 3049 auto.
1231 3025 1265 3034 -

120 3087 136 3134 4
154 3081 194 3135 dii
211 3082 283 3150 quod
300 3083 395 3137 titanis
413 3083 520 3154 deliade
539 3083 633 3137 eadem
644 3080 667 3135 F
686 3099 746 3136 cum
765 3083 861 3136 ceteris
878 3082 931 3134 nari
949 3081 1023 3152 quod
1034 3082 1129 3136 eodem
1140 3080 1175 3147 H,
1191 3079 1265 3135 idem

120 3168 155 3222 de
171 3168 266 3222 eodem
284 3167 421 3222 Laetus.
454 3162 533 3237 ‘fort
551 3168 603 3233 dii,
628 3168 699 3236 quod
717 3166 824 3220 Titanis
841 3166 904 3219 Deli
920 3182 968 3221 eos
985 3165 1101 3236 peperit,
1118 3162 1261 3220 Deliadae'

120 3253 191 3322 LSp.
209 3269 261 3322 epo
279 3253 367 3307 eidem
385 3252 420 3317 (b.
434 3271 457 3306 e.
475 3253 557 3318 idem)
575 3252 745 3324 sorpsi'pro
763 3252 857 3306 eadem
874 3251 956 3321 idque
973 3251 1011 3305 orl
1023 3250 1157 3323 proximo
1173 3249 1262 3304 retuli.

119 3344 210 3391 cetera
233 3337 302 3406 fort.
325 3337 388 3391 Deli
410 3339 482 3406 quod
506 3338 527 3391 ii
549 3338 624 3404 nati,
649 3337 789 3391 Deliciae.
816 3368 848 3376 —
878 3340 928 3390 60
950 3340 1053 3400 sancte]
1076 3334 1147 3390 Osce
1170 3333 1201 3386 F.
1229 3363 1262 3372 -

120 3427 134 3474 7
154 3421 269 3490 optines]
294 3422 402 3476 obsides
426 3422 551 3477 Cicero
574 3423 609 3476 do
632 3421 685 3477 dir.
705 3425 729 3488 2,
748 3425 789 3475 56.
817 3421 893 3489 cons.
917 3420 1025 3475 Ribb.²
1041 3421 1095 3474 inc.
1118 3420 1173 3473 inc.
1193 3421 1224 3472 18
1243 3417 1262 3471 f.

118 3536 152 3545 -
173 3511 202 3560 11
221 3511 298 3575 quse]
322 3505 461 3574 muller,
488 3507 534 3574 qui
552 3506 583 3559 s.
612 3538 643 3546 -
672 3500 736 3578 nr,
758 3501 841 3577 χθὼν
862 3501 1031 3577 Πυθαγόρα]
1057 3508 1159 3557 berou
1183 3506 1262 3573 pyta-

118 3607 185 3660 gora
201 3589 234 3659 F,
261 3607 333 3644 corr.
352 3590 542 3645 Turnebus.
570 3623 601 3630 -
627 3595 719 3646 terrae
741 3607 811 3644 corr.
835 3607 873 3644 ex
889 3588 1080 3644 terremotu.
1099 3589 1122 3642 F
1145 3588 1261 3652 (Groth).

117 3708 151 3716 -
180 3681 210 3731 13
229 3676 449 3745 quodiscernitur
470 3675 503 3743 F,
530 3677 603 3744 quod
623 3676 788 3730 discernitur
811 3675 977 3740 cnunc,
1004 3690 1057 3742 quo
1079 3673 1211 3728 discernit
1233 3688 1260 3741 p.

117 3793 151 3802 -
180 3766 211 3816 14
235 3762 272 3816 εἰῖ
296 3760 345 3814 ubi
376 3764 453 3814 ortus
481 3764 617 3815 humanus
649 3761 744 3814 similis
776 3764 807 3814 ut
832 3760 862 3813 in
882 3760 887 3829 Ι
907 3760 1007 3814 mundo
1035 3759 1081 3813 ubi
1109 3762 1185 3813 ortus
1210 3760 1262 3810 hu-

117 3864 213 3903 manus
246 3846 336 3900 situlis
362 3858 443 3910 <cora
471 3846 499 3898 in
526 3844 630 3908 similis)
657 3849 689 3899 ut
717 3845 748 3899 in
772 3847 873 3900 mundo
899 3845 947 3898 ubi
972 3844 1044 3898 enim
1068 3843 1091 3897 F
1118 3842 1200 3897 solus.
1228 3872 1262 3880 -

117 3931 229 3985 humani
256 3930 366 3985 seminis
386 3946 445 4002 pro
470 3931 605 3984 humanus
627 3930 721 3984 similis
746 3930 864 3984 (iroth.
891 3959 924 3969 -
950 3929 989 3983 ibi
1007 3929 1079 3983 euim
1096 3927 1262 3998 Augusti-

117 4033 193 4083 nus,
216 4015 265 4070 ubi
286 4016 368 4070 etiam
385 4015 520 4070 Muller.
547 4046 580 4053 —
607 4020 639 4069 15
656 4019 782 4085 preterea
800 4015 833 4068 F.
851 4045 883 4053 -
902 4014 1008 4082 siquid
1026 4015 1083 4070 Gb.
1110 4043 1142 4051 —
1172 4015 1202 4067 16
1220 4015 1263 4066 θεῖ

117 4102 147 4154 id
164 4104 206 4156 est
222 4119 250 4171 p.
281 4131 311 4139 —
338 4105 371 4156 ut
386 4100 502 4155 deletum
520 4100 549 4153 ia
567 4101 599 4166 F,
617 4101 690 4154 unde
707 4117 759 4155 om.
777 4100 901 4166 GHab,
929 4099 1004 4168 quod
1018 4100 1121 4169 probat
1138 4097 1260 4153 (iroth.

118 4185 143 4238 si
168 4187 241 4254 quod
266 4186 384 4240 medium
415 4188 448 4239 ut
472 4185 546 4255 pilae
576 4184 712 4239 Muller.
742 4215 775 4224 —
803 4185 862 4254 pila
887 4200 936 4236 om.
964 4200 992 4252 p.
1024 4214 1054 4222 -
1088 4187 1118 4239 17
1143 4181 1182 4253 et]
1213 4183 1262 4239 sed

117 4269 247 4327 Muller.
