3038 5048
450 341 714 401 ursreuouus.
749 344 893 413 scr-su.
1186 340 1244 400 ιιι

101 538 166 584 non
195 536 304 584 eorum
332 515 458 583 dicatur
486 535 558 583 esse
590 515 741 600 analogia
770 535 854 600 quae
882 515 924 583 ab
956 512 1113 582 similibus
1142 513 1249 580 verbis
1299 552 1302 556 -

102 619 248 687 similiter
270 622 376 686 essent
400 616 570 685 declinata.
615 616 722 695 Quare
743 637 808 685 non
830 618 934 686 solum
955 617 989 684 iu
1010 612 1175 684 vocabulis
1198 613 1248 681 lit·

102 728 242 788 terarum
270 720 351 786 haec
378 739 442 786 nou
472 718 664 801 requirenda
693 719 858 803 analogia,
891 716 950 787 sed
977 715 1035 805 [aa]
1058 719 1091 785 iu
1119 716 1249 803 syllaba

103 821 231 906 quidem
265 822 347 908 ulla,
385 819 470 907 quod
499 820 635 889 dicimus
668 820 729 889 hoc
761 822 824 912 Ba,
867 822 960 888 huius
992 823 1058 906 Ba,
1094 818 1141 886 sio
1173 817 1248 885 alia

64 924 195 1017 ιιι-ιρὰ
211 944 267 1023 2¹.
291 923 366 1022 quis
393 925 426 990 iu
460 922 521 991 hoe
554 942 681 1023 quoque
713 925 799 1019 ωἰι
825 923 933 1017 dicere
973 942 1044 1015 esse
1083 919 1249 1014 apologias
1271 922 1290 1002 8
1314 923 1353 986 52

103 1047 224 1112 rerum,
248 1034 356 1095 tenere
378 1020 499 1112 potest,
530 1030 565 1092 ut
587 1025 670 1093 euim
693 1018 803 1094 dio'u'nt
823 1026 886 1111 ipsi
907 1024 973 1092 alia
994 1024 1139 1106 nomina,
1162 1019 1249 1104 quod

103 1131 243 1222 quinque
265 1129 407 1195 habeant
428 1128 555 1212 figuras,
577 1126 699 1195 habere
722 1128 862 1213 quinque
885 1147 987 1213 casus,
1010 1127 1075 1192 alia
1090 1129 1248 1207 quattuor,

102 1232 149 1299 sic
170 1232 274 1297 miuus
296 1231 377 1314 alia,
412 1231 518 1298 dicero
546 1235 696 1314 poterunt
724 1248 795 1296 esse
822 1229 947 1297 litteras
975 1247 1014 1295 ac
1043 1227 1186 1314 syllabas
1216 1225 1249 1292 in

102 1354 182 1401 voce
205 1352 287 1416 quae
308 1333 450 1419 singulos
473 1332 614 1400 habeant
640 1349 733 1398 casus
759 1331 794 1396 in
822 1330 918 1399 rebus
946 1328 1106 1415 plurimis,
1141 1347 1247 1411 quem·
1260 1340 1397 1393 {rubeat

51 1443 80 1497 ιο
103 1434 277 1504 admodum
297 1434 381 1502 iuter
403 1453 439 1501 se
462 1436 625 1502 conferent
647 1454 687 1501 ea
709 1453 792 1517 quae
815 1439 985 1516 quaternos
1008 1430 1172 1499 habebunt
1195 1449 1248 1497 vo·

103 1537 225 1604 sabulis
241 1556 344 1623 casus,
367 1537 444 1603 item
468 1556 507 1602 ea
528 1536 611 1604 inter
631 1555 667 1602 se
690 1553 774 1621 quae
795 1541 912 1620 ternos,
934 1535 980 1602 sic
1002 1553 1085 1619 quae
1107 1531 1249 1616 singulos

102 1639 280 1724 habebunt,
311 1646 346 1705 ut
367 1640 533 1707 conferant
553 1636 635 1704 iuter
657 1658 693 1706 se
715 1636 873 1722 diceutes,
900 1643 934 1705 ut
955 1637 998 1705 sit
1018 1636 1081 1705 hoo
1101 1635 1146 1719 A,
1177 1633 1250 1700 huic

101 1741 146 1826 A,
170 1761 241 1809 esse
263 1741 324 1808 hoc
346 1742 383 1826 F,
408 1738 553 1827 [huiusce
574 1737 614 1825 ll]
639 1738 713 1806 huic
733 1741 770 1807 ll.

120 1922 122 1927 ¹
188 1847 238 1909 37.
276 1841 368 1921 Quod
391 1841 500 1910 dicunt
526 1860 596 1908 essu
623 1839 782 1924 quaedam
804 1844 904 1909 verba
927 1861 1009 1924 quau
1030 1840 1172 1909 habeant
1194 1838 1247 1907 de·
1270 1836 1291 1916 8
1313 1836 1352 1899 53

49 1952 80 2004 ro
102 1944 238 2012 elluatus
260 1949 295 2010 ut
317 1943 436 2028 Caput,
471 1962 602 2026 quorum
630 1963 689 2026 par
715 1944 847 2030 reperiri
869 1945 955 2026 quod
976 1965 1039 2012 uon
1061 1942 1164 2028 possit
1184 1962 1248 2009 nou

103 2065 174 2113 esse
196 2045 379 2129 analogias,
412 2042 671 2131 respondendum
700 2045 768 2113 sine
792 2044 889 2114 dubio
911 2045 939 2112 si
962 2043 1049 2128 quod
1070 2049 1119 2114 est
1140 2043 1248 2128 singu-

102 2147 170 2214 lare
192 2148 342 2233 verbum,
375 2148 409 2214 id
436 2168 500 2215 non
529 2148 649 2215 habere
677 2148 860 2234 analogias5
892 2146 1058 2213 minimum
1086 2144 1148 2214 duo
1177 2164 1249 2212 esse

102 2249 221 2317 debent
248 2250 364 2335 verbu,
397 2250 429 2316 iu
458 2248 574 2333 quibus
602 2250 644 2316 sit
672 2249 857 2318 similitudo.
912 2268 1011 2332 quare
1038 2246 1072 2314 iu
1100 2247 1161 2314 hoc
1187 2245 1398 2314 tol-(abisai)

101 2352 190 2419 luuto
214 2370 285 2418 esse
307 2346 484 2436 analogias.
519 2350 585 2418 Sed
607 2350 752 2421 Nihilum
773 2352 965 2422 vocabulum
986 2356 1073 2418 recto
1096 2368 1172 2417 casu
1194 2367 1249 2432 ap·
1270 2337 1289 2422 ἕ
1311 2343 1351 2406 54

44 2462 78 2514 2⁰
100 2458 193 2537 paret
214 2453 247 2518 in
268 2452 344 2519 hoc:

252 2554 363 2634 Quae
386 2554 502 2622 dedit
529 2556 619 2641 ipsa
647 2558 760 2642 capit
786 2576 914 2640 neque
936 2550 1128 2723 dlislpendi
1148 2550 1250 2621 iacit

983 2677 995 2722 1
1020 2679 1096 2740 um,

187 2845 198 2894 1
220 2844 322 2903 eorum]
348 2839 418 2911 LSp,
443 2858 477 2897 ea
500 2857 538 2899 cca
556 2858 588 2899 eo
606 2848 637 2898 ut
654 2842 708 2900 uid.
727 2859 798 2899 corr.
816 2850 889 2898 maa.
907 2860 959 2900 soc.
977 2843 1002 2898 F
1026 2842 1117 2909 (Keil),
1140 2858 1172 2899 eo
1190 2843 1249 2912 Vp,

101 2939 134 2979 ea
156 2925 270 2980 ceteri.
289 2956 322 2964 —
342 2929 357 2980 2
376 2927 565 2998 esseut1LSp,
584 2931 658 2985 esset
674 2929 739 2998 Ma,
758 2928 897 2999 Laetus,
915 2944 975 2984 esse
992 2927 1152 2999 FGHVp.
1172 2929 1247 2998 conf.

98 3009 250 3066 Kottner
273 3009 346 3066 Krit.
366 3011 493 3067 Bemerk.
511 3029 539 3084 p.
559 3017 574 3068 5
592 3030 631 3083 sq.
659 3043 693 3053 -
720 3013 1006 3071 similiter'deolinatis
1024 3013 1148 3069 similiter
1164 3012 1249 3069 decli·

99 3098 168 3151 nant
190 3095 277 3165 vulg.
296 3112 334 3151 ecc
351 3096 382 3151 B.
409 3127 444 3136 -
472 3099 549 3166 3ue]
573 3097 636 3154 add.
659 3098 779 3154 Aldus.
807 3099 884 3169 cons.
908 3098 1030 3155 Roiter
1050 3117 1078 3172 p.
1099 3102 1130 3155 18
1148 3115 1189 3169 sq.
1215 3129 1249 3139 -

100 3184 116 3232 4
134 3179 171 3236 ba
187 3179 269 3235 huius
286 3180 331 3245 ba]
355 3182 390 3237 ab
407 3182 491 3238 huius
509 3181 544 3238 ab
561 3183 645 3253 vulg.
665 3200 704 3239 ex
720 3183 753 3238 B.
780 3214 814 3224 —
841 3188 856 3239 6
874 3189 974 3250 rerum]
994 3179 1044 3240 ‘aa
1065 3178 1152 3242 remi'
1177 3183 1247 3252 usp.

99 3311 134 3321 -
153 3281 234 3346 enim]
257 3281 302 3336 eni
318 3282 342 3337 F
360 3282 450 3354 (Keil),
477 3273 522 3340 ιιιῑ
545 3290 576 3338 ιιι
598 3285 651 3341 vid.
675 3284 778 3341 lineola
794 3287 864 3343 satis
886 3288 1003 3343 obscura
1026 3287 1050 3341 F
1074 3286 1190 3354 (Gratis).
1215 3313 1247 3324 —

100 3370 115 3418 1
135 3365 237 3421 habeat
255 3366 314 3432 Ga,
332 3366 434 3423 babent
453 3368 544 3438 MVp
563 3368 693 3426 Laetus
710 3371 743 3426 Β.
769 3399 805 3411 -
831 3373 846 3427 8
864 3370 954 3427 minus
972 3370 1028 3426 ulia
1044 3370 1096 3427 dcl.
1114 3369 1176 3438 usp
1191 3362 1248 3422 ‘de-

100 3449 178 3504 bebat
195 3466 254 3504 esse
270 3449 388 3505 minores
406 3450 470 3520 aiis,
489 3447 540 3508 sic'
559 3453 654 3510 idem.
672 3485 706 3495 —
724 3455 864 3527 poterunt]
881 3457 922 3510 sic
938 3454 971 3509 F.
990 3455 1092 3525 poterit
1108 3455 1147 3523 M,
1165 3453 1247 3508 Lao·

98 3538 162 3590 tus.
180 3537 311 3605 poterunt
328 3534 420 3590 dicere
437 3550 462 3591 a.
481 3566 514 3575 -
533 3536 644 3594 sillabas
661 3538 694 3593 F.
713 3569 746 3580 —
765 3544 781 3595 9
798 3540 910 3610 vocibus
927 3541 1062 3596 Mulier.
1080 3571 1114 3580 —
1133 3544 1247 3608 requae

100 3622 256 3690 quaternos]
281 3635 351 3689 quae
375 3623 469 3676 ternos
493 3622 688 3694 Scioppius.
715 3655 749 3664 -
775 3625 924 3690 vocabulis]
951 3626 1085 3682 vocabula
1112 3624 1247 3692 Mulier,

99 3699 178 3776 ‘fort
197 3699 256 3760 del?
276 3704 347 3776 Liip.
374 3706 412 3777 cf.
432 3706 551 3762 christ
566 3723 593 3777 p.
613 3711 672 3762 458.
700 3739 735 3749 -
763 3714 794 3767 11
813 3726 883 3782 quae
899 3712 1001 3778 ternos]
1020 3710 1149 3766 Koaler
1167 3706 1245 3777 epist.

100 3789 161 3845 crit.
177 3806 205 3860 p.
225 3793 266 3859 21,
285 3793 432 3860 quaternos
450 3789 482 3844 F.
510 3821 544 3832 -
571 3792 663 3862 sicque
680 3794 713 3849 F.
737 3824 771 3834 -
795 3798 826 3850 13
844 3796 897 3851 hoc
915 3795 949 3861 E]
966 3794 1089 3851 homil.
1114 3808 1186 3849 corr.
1210 3808 1248 3848 cx

98 3877 152 3930 hoc
169 3878 212 3931 est
228 3874 262 3944 F,
278 3877 332 3931 hoo
350 3878 392 3931 est
410 3875 449 3944 M,
467 3875 606 3933 Laetus.
632 3908 665 3917 —
688 3878 804 3934 huiusce
822 3879 856 3945 E]
874 3880 984 3937 seclusit
1001 3880 1072 3949 LSp.
1099 3910 1134 3917 —
1162 3883 1193 3934 17
1211 3878 1247 3933 ad

99 3958 240 4015 minimum
257 3960 290 4028 B,
307 3959 342 4016 dc
358 3959 498 4014 minimum
516 3961 588 4016 enim
605 3962 712 4034 copitar
729 3964 758 4019 (l.
777 3963 810 4018 F.
829 3964 873 4020 W.
892 3964 1020 4020 Miiller
1035 3980 1063 4033 p.
1083 3968 1141 4020 198.
1163 3957 1246 4035 'fort

101 4043 175 4113 quod
191 4042 343 4101 minimum’
357 4045 427 4116 LSp.
446 4075 480 4085 -
500 4050 531 4101 18
543 4046 582 4112 in]
598 4041 677 4118 ‘fort
695 4047 788 4119 inique
805 4045 845 4104 in'
860 4049 930 4121 LSp.
949 4079 983 4088 -
1000 4050 1127 4115 tollunto]
1138 4048 1246 4122 scripsi,

99 4128 202 4186 tollunt
218 4130 310 4186 libri.
330 4130 431 4186 tollunt
447 4130 549 4188 iniuste
567 4132 708 4202 analogias
727 4133 756 4189 O.
766 4133 798 4188 F.
809 4133 854 4189 W.
868 4132 1002 4189 Miller.
1021 4164 1054 4173 -
1076 4137 1106 4189 19
1122 4130 1246 4199 nihilum]

98 4213 162 4282 Lep
181 4215 240 4284 (qai
257 4215 349 4271 addit:
368 4216 410 4272 vel
426 4215 515 4285 nihil),
535 4217 563 4273 0.
582 4217 614 4272 F.
633 4218 678 4274 W.
697 4216 824 4273 Miiller
840 4234 867 4289 p.
881 4223 940 4288 191,
957 4217 1065 4275 initium
1082 4219 1115 4288 F,
1132 4218 1247 4291 iurribil

100 4297 297 4369 Scioppius.
324 4330 359 4341 —
386 4306 417 4358 21
436 4300 498 4373 ipsa
521 4303 604 4372 capit]
627 4301 671 4359 irc
695 4306 781 4372 caput
802 4303 835 4372 F,
860 4302 931 4360 illud
953 4318 1025 4360 corr.
1048 4302 1247 4375 Scioppius,

992 4389 1043 4446 14·
