<?xml version="1.0" encoding="UTF-8"?>
<!DOCTYPE html PUBLIC "-//W3C//DTD XHTML 1.0 Transitional//EN"
    "http://www.w3.org/TR/xhtml1/DTD/xhtml1-transitional.dtd">
<html xmlns="http://www.w3.org/1999/xhtml" xml:lang="en" lang="en">
 <head>
  <title>
</title>
<meta http-equiv="Content-Type" content="text/html;charset=utf-8" />
  <meta name='ocr-system' content='tesseract 3.04.00' />
  <meta name='ocr-capabilities' content='ocr_page ocr_carea ocr_par ocr_line ocrx_word'/>
</head>
<body>
  <div class='ocr_page' id='page_1' title='image "./mterentivarroni00varrgoog_0049.png"; bbox 0 0 3038 5048; ppageno 0'>
   <div class='ocr_carea' id='block_1_1' title="bbox 183 264 824 323">
    <p class='ocr_par' dir='ltr' id='par_1_1' title="bbox 183 264 824 323">
     <span class='ocr_line' id='line_1_1' title="bbox 183 264 824 323; baseline -0.005 0"><span class='ocrx_word' id='word_1_1' title='bbox 183 283 297 323; x_wconf 70' lang='lat' dir='ltr'>xxxam</span> <span class='ocrx_word' id='word_1_2' title='bbox 688 264 824 320; x_wconf 81' lang='lat' dir='ltr'>Praefatio.</span> 
     </span>
    </p>
   </div>
   <div class='ocr_carea' id='block_1_2' title="bbox 176 441 1338 3828">
    <p class='ocr_par' dir='ltr' id='par_1_2' title="bbox 177 441 1338 2725">
     <span class='ocr_line' id='line_1_2' title="bbox 184 441 1338 521; baseline 0.001 -19"><span class='ocrx_word' id='word_1_3' title='bbox 184 445 344 519; x_wconf 76' lang='lat' dir='ltr'>scriptorem</span> <span class='ocrx_word' id='word_1_4' title='bbox 365 442 429 500; x_wconf 89' lang='lat' dir='ltr'>nibil</span> <span class='ocrx_word' id='word_1_5' title='bbox 450 442 558 500; x_wconf 90' lang='lat' dir='ltr'>monitis</span> <span class='ocrx_word' id='word_1_6' title='bbox 579 441 730 517; x_wconf 90' lang='lat' dir='ltr'>legentibus</span> <span class='ocrx_word' id='word_1_7' title='bbox 751 459 766 499; x_wconf 93' lang='lat' dir='ltr'>a</span> <span class='ocrx_word' id='word_1_8' title='bbox 788 443 860 499; x_wconf 85' lang='lat' dir='ltr'>victu</span> <span class='ocrx_word' id='word_1_9' title='bbox 881 441 914 498; x_wconf 89' lang='lat' dir='ltr'>ad</span> <span class='ocrx_word' id='word_1_10' title='bbox 935 442 1061 499; x_wconf 88' lang='lat' dir='ltr'>vestitum</span> <span class='ocrx_word' id='word_1_11' title='bbox 1081 442 1205 505; x_wconf 84' lang='lat' dir='ltr'>transire,</span> <span class='ocrx_word' id='word_1_12' title='bbox 1227 443 1257 500; x_wconf 91' lang='lat' dir='ltr'>in</span> <span class='ocrx_word' id='word_1_13' title='bbox 1281 463 1338 521; x_wconf 92' lang='lat' dir='ltr'>quo</span> 
     </span>
     <span class='ocr_line' id='line_1_3' title="bbox 185 526 1338 603; baseline 0.001 -16"><span class='ocrx_word' id='word_1_14' title='bbox 185 531 207 587; x_wconf 89' lang='lat' dir='ltr'>si</span> <span class='ocrx_word' id='word_1_15' title='bbox 229 529 306 586; x_wconf 84' lang='lat' dir='ltr'>etiam</span> <span class='ocrx_word' id='word_1_16' title='bbox 329 544 359 586; x_wconf 87' lang='lat' dir='ltr'>ea</span> <span class='ocrx_word' id='word_1_17' title='bbox 382 528 480 603; x_wconf 91' lang='lat' dir='ltr'>quibus</span> <span class='ocrx_word' id='word_1_18' title='bbox 502 527 598 585; x_wconf 88' lang='lat' dir='ltr'>milites</span> <span class='ocrx_word' id='word_1_19' title='bbox 626 528 720 584; x_wconf 87' lang='lat' dir='ltr'>armati</span> <span class='ocrx_word' id='word_1_20' title='bbox 742 535 769 585; x_wconf 91' lang='lat' dir='ltr'>et</span> <span class='ocrx_word' id='word_1_21' title='bbox 790 526 878 584; x_wconf 85' lang='lat' dir='ltr'>restiti</span> <span class='ocrx_word' id='word_1_22' title='bbox 903 536 968 584; x_wconf 90' lang='lat' dir='ltr'>sunt</span> <span class='ocrx_word' id='word_1_23' title='bbox 994 535 1147 593; x_wconf 80' lang='lat' dir='ltr'>enumerat,</span> <span class='ocrx_word' id='word_1_24' title='bbox 1179 526 1206 584; x_wconf 94' lang='lat' dir='ltr'>id</span> <span class='ocrx_word' id='word_1_25' title='bbox 1236 531 1338 588; x_wconf 89' lang='lat' dir='ltr'>mirum</span> 
     </span>
     <span class='ocr_line' id='line_1_4' title="bbox 184 611 1338 688; baseline 0.002 -17"><span class='ocrx_word' id='word_1_26' title='bbox 184 630 241 671; x_wconf 93' lang='lat' dir='ltr'>non</span> <span class='ocrx_word' id='word_1_27' title='bbox 263 622 319 678; x_wconf 69' lang='lat' dir='ltr'>este</span> <span class='ocrx_word' id='word_1_28' title='bbox 353 615 463 688; x_wconf 79' lang='lat' dir='ltr'>exponit</span> <span class='ocrx_word' id='word_1_29' title='bbox 491 613 560 671; x_wconf 91' lang='lat' dir='ltr'>enim</span> <span class='ocrx_word' id='word_1_30' title='bbox 581 621 613 670; x_wconf 92' lang='lat' dir='ltr'>ut</span> <span class='ocrx_word' id='word_1_31' title='bbox 634 613 653 685; x_wconf 55' lang='grc' dir='ltr'>ᾗ</span> <span class='ocrx_word' id='word_1_32' title='bbox 676 615 712 672; x_wconf 84' lang='grc'>87</span> <span class='ocrx_word' id='word_1_33' title='bbox 737 613 855 687; x_wconf 92' lang='lat' dir='ltr'>quaein</span> <span class='ocrx_word' id='word_1_34' title='bbox 878 628 909 671; x_wconf 91' lang='lat' dir='ltr'>re</span> <span class='ocrx_word' id='word_1_35' title='bbox 929 611 1034 669; x_wconf 84' lang='lat' dir='ltr'>militari</span> <span class='ocrx_word' id='word_1_36' title='bbox 1055 613 1230 670; x_wconf 84' lang='lat' dir='ltr'>inveniuntur</span> <span class='ocrx_word' id='word_1_37' title='bbox 1250 632 1338 673; x_wconf 85' lang='lat' dir='ltr'>voca·</span> 
     </span>
     <span class='ocr_line' id='line_1_5' title="bbox 184 694 1338 774; baseline 0.002 -18"><span class='ocrx_word' id='word_1_38' title='bbox 184 698 261 765; x_wconf 91' lang='lat' dir='ltr'>bula;</span> <span class='ocrx_word' id='word_1_39' title='bbox 295 700 378 774; x_wconf 89' lang='lat' dir='ltr'>magis</span> <span class='ocrx_word' id='word_1_40' title='bbox 406 699 510 757; x_wconf 88' lang='lat' dir='ltr'>mireris</span> <span class='ocrx_word' id='word_1_41' title='bbox 538 699 578 754; x_wconf 83' lang='lat' dir='ltr'>liis</span> <span class='ocrx_word' id='word_1_42' title='bbox 607 697 750 755; x_wconf 91' lang='lat' dir='ltr'>coniuncta</span> <span class='ocrx_word' id='word_1_43' title='bbox 772 697 916 754; x_wconf 87' lang='lat' dir='ltr'>adhaerere</span> <span class='ocrx_word' id='word_1_44' title='bbox 938 713 1006 772; x_wconf 87' lang='lat' dir='ltr'>quae</span> <span class='ocrx_word' id='word_1_45' title='bbox 1028 694 1136 772; x_wconf 88' lang='lat' dir='ltr'>longius</span> <span class='ocrx_word' id='word_1_46' title='bbox 1157 696 1273 764; x_wconf 90' lang='lat' dir='ltr'>absunt,</span> <span class='ocrx_word' id='word_1_47' title='bbox 1305 711 1338 759; x_wconf 90' lang='lat' dir='ltr'>ut</span> 
     </span>
     <span class='ocr_line' id='line_1_6' title="bbox 184 780 1336 858; baseline 0.001 -16"><span class='ocrx_word' id='word_1_48' title='bbox 184 794 225 843; x_wconf 89' lang='lat' dir='ltr'>est</span> <span class='ocrx_word' id='word_1_49' title='bbox 247 783 353 850; x_wconf 89' lang='lat' dir='ltr'>vallum,</span> <span class='ocrx_word' id='word_1_50' title='bbox 376 785 464 849; x_wconf 87' lang='lat' dir='ltr'>cervi,</span> <span class='ocrx_word' id='word_1_51' title='bbox 487 784 578 848; x_wconf 87' lang='lat' dir='ltr'>vinea,</span> <span class='ocrx_word' id='word_1_52' title='bbox 601 783 726 853; x_wconf 81' lang='lat' dir='ltr'>testudo,</span> <span class='ocrx_word' id='word_1_53' title='bbox 748 783 829 848; x_wconf 80' lang='lat' dir='ltr'>arios,</span> <span class='ocrx_word' id='word_1_54' title='bbox 854 781 901 837; x_wconf 91' lang='lat' dir='ltr'>sed</span> <span class='ocrx_word' id='word_1_55' title='bbox 923 790 950 839; x_wconf 89' lang='lat' dir='ltr'>et</span> <span class='ocrx_word' id='word_1_56' title='bbox 971 780 1037 839; x_wconf 89' lang='lat' dir='ltr'>baec</span> <span class='ocrx_word' id='word_1_57' title='bbox 1057 782 1080 838; x_wconf 92' lang='lat' dir='ltr'>si</span> <span class='ocrx_word' id='word_1_58' title='bbox 1101 799 1156 840; x_wconf 93' lang='lat' dir='ltr'>non</span> <span class='ocrx_word' id='word_1_59' title='bbox 1179 799 1284 858; x_wconf 85' lang='lat' dir='ltr'>aequo,</span> <span class='ocrx_word' id='word_1_60' title='bbox 1308 794 1336 843; x_wconf 90' lang='lat' dir='ltr'>at</span> 
     </span>
     <span class='ocr_line' id='line_1_7' title="bbox 183 865 1336 944; baseline -0.001 -18"><span class='ocrx_word' id='word_1_61' title='bbox 183 871 276 944; x_wconf 90' lang='lat' dir='ltr'>iniquo</span> <span class='ocrx_word' id='word_1_62' title='bbox 298 870 385 926; x_wconf 90' lang='lat' dir='ltr'>animo</span> <span class='ocrx_word' id='word_1_63' title='bbox 407 868 517 926; x_wconf 79' lang='lat' dir='ltr'>ferenda</span> <span class='ocrx_word' id='word_1_64' title='bbox 545 876 625 930; x_wconf 87' lang='lat' dir='ltr'>sunt;</span> <span class='ocrx_word' id='word_1_65' title='bbox 661 867 725 923; x_wconf 83' lang='lat' dir='ltr'>dixit</span> <span class='ocrx_word' id='word_1_66' title='bbox 753 867 824 923; x_wconf 87' lang='lat' dir='ltr'>enim</span> <span class='ocrx_word' id='word_1_67' title='bbox 851 882 880 922; x_wconf 90' lang='lat' dir='ltr'>se</span> <span class='ocrx_word' id='word_1_68' title='bbox 907 865 1060 923; x_wconf 88' lang='lat' dir='ltr'>additurum</span> <span class='ocrx_word' id='word_1_69' title='bbox 1089 884 1147 924; x_wconf 88' lang='lat' dir='ltr'>esse</span> <span class='ocrx_word' id='word_1_70' title='bbox 1169 875 1197 925; x_wconf 86' lang='lat' dir='ltr'>et</span> <span class='ocrx_word' id='word_1_71' title='bbox 1217 871 1245 925; x_wconf 84' lang='lat' dir='ltr'>ai</span> <span class='ocrx_word' id='word_1_72' title='bbox 1266 871 1336 943; x_wconf 80' lang='lat' dir='ltr'>qnid</span> 
     </span>
     <span class='ocr_line' id='line_1_8' title="bbox 184 949 1337 1025; baseline 0.001 -14"><span class='ocrx_word' id='word_1_73' title='bbox 184 955 265 1013; x_wconf 84' lang='lat' dir='ltr'>aliud</span> <span class='ocrx_word' id='word_1_74' title='bbox 285 955 426 1010; x_wconf 81' lang='lat' dir='ltr'>uidebitur</span> <span class='ocrx_word' id='word_1_75' title='bbox 446 952 491 1009; x_wconf 82' lang='lat' dir='ltr'>bia</span> <span class='ocrx_word' id='word_1_76' title='bbox 513 958 619 1025; x_wconf 85' lang='lat' dir='ltr'>aptam.</span> <span class='ocrx_word' id='word_1_77' title='bbox 655 949 728 1018; x_wconf 86' lang='lat' dir='ltr'>Quae</span> <span class='ocrx_word' id='word_1_78' title='bbox 750 967 814 1008; x_wconf 87' lang='lat' dir='ltr'>vero</span> <span class='ocrx_word' id='word_1_79' title='bbox 837 952 855 1022; x_wconf 60' lang='grc' dir='ltr'><strong>ξ</strong></span> <span class='ocrx_word' id='word_1_80' title='bbox 880 952 1024 1010; x_wconf 83' lang='grc'>118-28</span> <span class='ocrx_word' id='word_1_81' title='bbox 1046 967 1171 1009; x_wconf 71' lang='lat' dir='ltr'>mans</span> <span class='ocrx_word' id='word_1_82' title='bbox 1192 958 1337 1012; x_wconf 64' lang='lat' dir='ltr'>aarum</span> 
     </span>
     <span class='ocr_line' id='line_1_9' title="bbox 263 1031 1337 1110; baseline 0 -12"><span class='ocrx_word' id='word_1_83' title='bbox 263 1039 404 1096; x_wconf 77' lang='lat' dir='ltr'>dissiliant</span> <span class='ocrx_word' id='word_1_84' title='bbox 425 1031 567 1108; x_wconf 78' lang='lat' dir='ltr'>dictam*)</span> <span class='ocrx_word' id='word_1_85' title='bbox 588 1036 732 1110; x_wconf 89' lang='lat' dir='ltr'>leguntur,</span> <span class='ocrx_word' id='word_1_86' title='bbox 765 1036 856 1109; x_wconf 82' lang='lat' dir='ltr'>inepte</span> <span class='ocrx_word' id='word_1_87' title='bbox 887 1036 998 1092; x_wconf 84' lang='lat' dir='ltr'>restitus</span> <span class='ocrx_word' id='word_1_88' title='bbox 1031 1036 1167 1094; x_wconf 85' lang='lat' dir='ltr'>vocabulis</span> <span class='ocrx_word' id='word_1_89' title='bbox 1194 1038 1337 1098; x_wconf 85' lang='lat' dir='ltr'>interiecta</span> 
     </span>
     <span class='ocr_line' id='line_1_10' title="bbox 182 1119 1336 1188; baseline 0.002 -7"><span class='ocrx_word' id='word_1_90' title='bbox 182 1132 261 1188; x_wconf 87' lang='lat' dir='ltr'>sunt;</span> <span class='ocrx_word' id='word_1_91' title='bbox 294 1123 364 1179; x_wconf 89' lang='lat' dir='ltr'>redit</span> <span class='ocrx_word' id='word_1_92' title='bbox 390 1123 461 1179; x_wconf 90' lang='lat' dir='ltr'>enim</span> <span class='ocrx_word' id='word_1_93' title='bbox 489 1122 522 1177; x_wconf 93' lang='lat' dir='ltr'>ad</span> <span class='ocrx_word' id='word_1_94' title='bbox 542 1121 667 1178; x_wconf 84' lang='lat' dir='ltr'>vestitum</span> <span class='ocrx_word' id='word_1_95' title='bbox 694 1119 851 1178; x_wconf 82' lang='lat' dir='ltr'>muliebrem</span> <span class='ocrx_word' id='word_1_96' title='bbox 876 1122 1019 1181; x_wconf 79' lang='lat'><strong>129-33</strong></span> <span class='ocrx_word' id='word_1_97' title='bbox 1041 1123 1162 1179; x_wconf 77' lang='lat' dir='ltr'>mundns</span> <span class='ocrx_word' id='word_1_98' title='bbox 1186 1124 1336 1183; x_wconf 75' lang='lat' dir='ltr'>muliebria</span> 
     </span>
     <span class='ocr_line' id='line_1_11' title="bbox 184 1204 1336 1283; baseline 0.003 -20"><span class='ocrx_word' id='word_1_99' title='bbox 184 1249 192 1266; x_wconf 86' lang='lat'><strong>.</strong></span> <span class='ocrx_word' id='word_1_100' title='bbox 209 1249 217 1264; x_wconf 88' lang='lat'><strong>.</strong></span> <span class='ocrx_word' id='word_1_101' title='bbox 233 1249 240 1264; x_wconf 94' lang='lat'><strong>.</strong></span> <span class='ocrx_word' id='word_1_102' title='bbox 256 1207 361 1280; x_wconf 74' lang='lat' dir='ltr'>duplex</span> <span class='ocrx_word' id='word_1_103' title='bbox 375 1208 509 1263; x_wconf 81' lang='lat' dir='ltr'>uirorum.</span> <span class='ocrx_word' id='word_1_104' title='bbox 538 1205 603 1281; x_wconf 89' lang='lat' dir='ltr'>quid</span> <span class='ocrx_word' id='word_1_105' title='bbox 617 1204 668 1261; x_wconf 90' lang='lat' dir='ltr'>sibi</span> <span class='ocrx_word' id='word_1_106' title='bbox 682 1205 778 1262; x_wconf 89' lang='lat' dir='ltr'>volunt</span> <span class='ocrx_word' id='word_1_107' title='bbox 791 1205 834 1263; x_wconf 89' lang='lat' dir='ltr'>hio</span> <span class='ocrx_word' id='word_1_108' title='bbox 855 1222 970 1268; x_wconf 90' lang='lat' dir='ltr'>mensae,</span> <span class='ocrx_word' id='word_1_109' title='bbox 993 1223 1057 1263; x_wconf 90' lang='lat' dir='ltr'>vasa</span> <span class='ocrx_word' id='word_1_110' title='bbox 1077 1205 1180 1282; x_wconf 89' lang='lat' dir='ltr'>aliaque</span> <span class='ocrx_word' id='word_1_111' title='bbox 1200 1209 1336 1283; x_wconf 82' lang='lat' dir='ltr'>supellex,</span> 
     </span>
     <span class='ocr_line' id='line_1_12' title="bbox 182 1287 1336 1368; baseline 0.004 -20"><span class='ocrx_word' id='word_1_112' title='bbox 182 1308 252 1368; x_wconf 90' lang='lat' dir='ltr'>quae</span> <span class='ocrx_word' id='word_1_113' title='bbox 272 1291 386 1349; x_wconf 87' lang='lat' dir='ltr'>vestium</span> <span class='ocrx_word' id='word_1_114' title='bbox 407 1290 536 1349; x_wconf 87' lang='lat' dir='ltr'>vocabula</span> <span class='ocrx_word' id='word_1_115' title='bbox 557 1306 703 1364; x_wconf 90' lang='lat' dir='ltr'>earumque</span> <span class='ocrx_word' id='word_1_116' title='bbox 730 1290 847 1364; x_wconf 82' lang='lat' dir='ltr'>origines</span> <span class='ocrx_word' id='word_1_117' title='bbox 868 1287 1046 1365; x_wconf 70' lang='lat' dir='ltr'>dirumpunt?</span> <span class='ocrx_word' id='word_1_118' title='bbox 1080 1308 1141 1348; x_wconf 89' lang='lat' dir='ltr'>nam</span> <span class='ocrx_word' id='word_1_119' title='bbox 1162 1309 1231 1368; x_wconf 88' lang='lat' dir='ltr'>quae</span> <span class='ocrx_word' id='word_1_120' title='bbox 1253 1293 1336 1353; x_wconf 91' lang='lat' dir='ltr'>dein-</span> 
     </span>
     <span class='ocr_line' id='line_1_13' title="bbox 183 1374 1336 1452; baseline 0.004 -18"><span class='ocrx_word' id='word_1_121' title='bbox 183 1384 420 1451; x_wconf 87' lang='lat' dir='ltr'>cepsseqnuntur</span> <span class='ocrx_word' id='word_1_122' title='bbox 441 1376 582 1452; x_wconf 90' lang='lat' dir='ltr'>usquead</span> <span class='ocrx_word' id='word_1_123' title='bbox 604 1374 664 1432; x_wconf 89' lang='lat' dir='ltr'>libri</span> <span class='ocrx_word' id='word_1_124' title='bbox 686 1375 773 1449; x_wconf 85' lang='lat' dir='ltr'>quinti</span> <span class='ocrx_word' id='word_1_125' title='bbox 795 1375 890 1440; x_wconf 82' lang='lat' dir='ltr'>finem,</span> <span class='ocrx_word' id='word_1_126' title='bbox 913 1375 1042 1451; x_wconf 81' lang='lat' dir='ltr'>pleraque</span> <span class='ocrx_word' id='word_1_127' title='bbox 1063 1377 1241 1446; x_wconf 89' lang='lat' dir='ltr'>conveniunt;</span> <span class='ocrx_word' id='word_1_128' title='bbox 1273 1388 1336 1439; x_wconf 82' lang='lat' dir='ltr'>ter·</span> 
     </span>
     <span class='ocr_line' id='line_1_14' title="bbox 182 1460 1337 1536; baseline 0.003 -18"><span class='ocrx_word' id='word_1_129' title='bbox 182 1461 248 1519; x_wconf 89' lang='lat' dir='ltr'>tium</span> <span class='ocrx_word' id='word_1_130' title='bbox 269 1461 340 1518; x_wconf 91' lang='lat' dir='ltr'>enim</span> <span class='ocrx_word' id='word_1_131' title='bbox 362 1478 447 1536; x_wconf 89' lang='lat' dir='ltr'>genus</span> <span class='ocrx_word' id='word_1_132' title='bbox 468 1477 549 1536; x_wconf 92' lang='lat' dir='ltr'>supra</span> <span class='ocrx_word' id='word_1_133' title='bbox 565 1460 664 1517; x_wconf 90' lang='lat' dir='ltr'>dictum</span> <span class='ocrx_word' id='word_1_134' title='bbox 679 1469 791 1534; x_wconf 88' lang='lat' dir='ltr'>apparet</span> <span class='ocrx_word' id='word_1_135' title='bbox 811 1461 830 1534; x_wconf 58' lang='grc' dir='ltr'>ὅ</span> <span class='ocrx_word' id='word_1_136' title='bbox 849 1462 992 1519; x_wconf 74' lang='lat' dir='ltr'>tal-40</span> <span class='ocrx_word' id='word_1_137' title='bbox 1014 1463 1202 1520; x_wconf 80' lang='lat' dir='ltr'>instrumenta</span> <span class='ocrx_word' id='word_1_138' title='bbox 1222 1463 1337 1523; x_wconf 62' lang='lat' dir='ltr'>muca</span> 
     </span>
     <span class='ocr_line' id='line_1_15' title="bbox 182 1545 1335 1623; baseline 0.004 -21"><span class='ocrx_word' id='word_1_139' title='bbox 182 1562 255 1620; x_wconf 81' lang='lat' dir='ltr'>quae</span> <span class='ocrx_word' id='word_1_140' title='bbox 276 1547 389 1603; x_wconf 79' lang='lat' dir='ltr'>serendi</span> <span class='ocrx_word' id='word_1_141' title='bbox 417 1553 466 1603; x_wconf 86' lang='lat' dir='ltr'>aat</span> <span class='ocrx_word' id='word_1_142' title='bbox 493 1547 603 1603; x_wconf 82' lang='lat' dir='ltr'>calendi</span> <span class='ocrx_word' id='word_1_143' title='bbox 629 1545 740 1618; x_wconf 76' lang='lat' dir='ltr'>senatres</span> <span class='ocrx_word' id='word_1_144' title='bbox 768 1561 858 1602; x_wconf 83' lang='lat' dir='ltr'>cansa</span> <span class='ocrx_word' id='word_1_145' title='bbox 884 1545 973 1618; x_wconf 83' lang='lat' dir='ltr'>sacta.</span> <span class='ocrx_word' id='word_1_146' title='bbox 1017 1546 1174 1623; x_wconf 86' lang='lat' dir='ltr'>Sequuntur</span> <span class='ocrx_word' id='word_1_147' title='bbox 1202 1549 1335 1616; x_wconf 86' lang='lat' dir='ltr'>aedificia,</span> 
     </span>
     <span class='ocr_line' id='line_1_16' title="bbox 182 1630 1335 1707; baseline 0.004 -18"><span class='ocrx_word' id='word_1_148' title='bbox 182 1632 311 1707; x_wconf 92' lang='lat' dir='ltr'>oppidum</span> <span class='ocrx_word' id='word_1_149' title='bbox 333 1640 360 1688; x_wconf 92' lang='lat' dir='ltr'>et</span> <span class='ocrx_word' id='word_1_150' title='bbox 381 1648 450 1706; x_wconf 90' lang='lat' dir='ltr'>quae</span> <span class='ocrx_word' id='word_1_151' title='bbox 478 1632 505 1687; x_wconf 91' lang='lat' dir='ltr'>in</span> <span class='ocrx_word' id='word_1_152' title='bbox 528 1631 628 1705; x_wconf 91' lang='lat' dir='ltr'>oppido</span> <span class='ocrx_word' id='word_1_153' title='bbox 655 1640 734 1695; x_wconf 89' lang='lat' dir='ltr'>sunt,</span> <span class='ocrx_word' id='word_1_154' title='bbox 768 1640 799 1688; x_wconf 91' lang='lat' dir='ltr'>ut</span> <span class='ocrx_word' id='word_1_155' title='bbox 825 1630 890 1696; x_wconf 85' lang='lat' dir='ltr'>vici,</span> <span class='ocrx_word' id='word_1_156' title='bbox 925 1647 977 1705; x_wconf 87' lang='lat' dir='ltr'>qua</span> <span class='ocrx_word' id='word_1_157' title='bbox 1005 1633 1033 1688; x_wconf 94' lang='lat' dir='ltr'>in</span> <span class='ocrx_word' id='word_1_158' title='bbox 1062 1649 1092 1689; x_wconf 90' lang='lat' dir='ltr'>re</span> <span class='ocrx_word' id='word_1_159' title='bbox 1121 1633 1210 1690; x_wconf 90' lang='lat' dir='ltr'>statim</span> <span class='ocrx_word' id='word_1_160' title='bbox 1231 1633 1335 1695; x_wconf 79' lang='lat' dir='ltr'>Romae</span> 
     </span>
     <span class='ocr_line' id='line_1_17' title="bbox 181 1716 1334 1790; baseline 0.003 -17"><span class='ocrx_word' id='word_1_161' title='bbox 181 1718 269 1782; x_wconf 75' lang='lat' dir='ltr'>moos,</span> <span class='ocrx_word' id='word_1_162' title='bbox 293 1716 368 1779; x_wconf 89' lang='lat' dir='ltr'>lora,</span> <span class='ocrx_word' id='word_1_163' title='bbox 390 1716 450 1773; x_wconf 89' lang='lat' dir='ltr'>loca</span> <span class='ocrx_word' id='word_1_164' title='bbox 472 1725 514 1779; x_wconf 91' lang='lat' dir='ltr'>et,</span> <span class='ocrx_word' id='word_1_165' title='bbox 537 1725 671 1790; x_wconf 91' lang='lat' dir='ltr'>utsupra</span> <span class='ocrx_word' id='word_1_166' title='bbox 693 1724 797 1773; x_wconf 89' lang='lat' dir='ltr'>vetusta</span> <span class='ocrx_word' id='word_1_167' title='bbox 819 1719 970 1790; x_wconf 80' lang='lat' dir='ltr'>Argeorum</span> <span class='ocrx_word' id='word_1_168' title='bbox 991 1718 1119 1783; x_wconf 87' lang='lat' dir='ltr'>sacraria,</span> <span class='ocrx_word' id='word_1_169' title='bbox 1142 1719 1181 1775; x_wconf 92' lang='lat' dir='ltr'>sic</span> <span class='ocrx_word' id='word_1_170' title='bbox 1201 1717 1245 1776; x_wconf 88' lang='lat' dir='ltr'>bia</span> <span class='ocrx_word' id='word_1_171' title='bbox 1266 1735 1334 1778; x_wconf 87' lang='lat' dir='ltr'>suae</span> 
     </span>
     <span class='ocr_line' id='line_1_18' title="bbox 181 1799 1330 1878; baseline 0.003 -21"><span class='ocrx_word' id='word_1_172' title='bbox 181 1802 273 1858; x_wconf 83' lang='lat' dir='ltr'>aetatis</span> <span class='ocrx_word' id='word_1_173' title='bbox 296 1801 390 1857; x_wconf 90' lang='lat' dir='ltr'>urbem</span> <span class='ocrx_word' id='word_1_174' title='bbox 412 1811 439 1858; x_wconf 90' lang='lat' dir='ltr'>et</span> <span class='ocrx_word' id='word_1_175' title='bbox 459 1799 575 1857; x_wconf 83' lang='lat' dir='ltr'>aedilicia</span> <span class='ocrx_word' id='word_1_176' title='bbox 596 1799 722 1857; x_wconf 83' lang='lat' dir='ltr'>describit</span> <span class='ocrx_word' id='word_1_177' title='bbox 743 1801 761 1873; x_wconf 57' lang='grc' dir='ltr'><strong><em>ἦ</em></strong></span> <span class='ocrx_word' id='word_1_178' title='bbox 785 1803 960 1866; x_wconf 84' lang='grc'><strong>141-159,</strong></span> <span class='ocrx_word' id='word_1_179' title='bbox 995 1819 1049 1877; x_wconf 93' lang='lat' dir='ltr'>quo</span> <span class='ocrx_word' id='word_1_180' title='bbox 1072 1802 1142 1859; x_wconf 89' lang='lat' dir='ltr'>lacto</span> <span class='ocrx_word' id='word_1_181' title='bbox 1164 1803 1204 1860; x_wconf 91' lang='lat' dir='ltr'>sic</span> <span class='ocrx_word' id='word_1_182' title='bbox 1224 1805 1330 1878; x_wconf 87' lang='lat' dir='ltr'>pergit:</span> 
     </span>
     <span class='ocr_line' id='line_1_19' title="bbox 181 1886 1332 1959; baseline 0.005 -18"><span class='ocrx_word' id='word_1_183' title='bbox 181 1886 316 1959; x_wconf 82' lang='lat' dir='ltr'>qnoniam</span> <span class='ocrx_word' id='word_1_184' title='bbox 337 1887 415 1942; x_wconf 86' lang='lat' dir='ltr'>nicus</span> <span class='ocrx_word' id='word_1_185' title='bbox 437 1892 547 1942; x_wconf 85' lang='lat' dir='ltr'>constat</span> <span class='ocrx_word' id='word_1_186' title='bbox 568 1901 604 1941; x_wconf 77' lang='lat' dir='ltr'>eor</span> <span class='ocrx_word' id='word_1_187' title='bbox 626 1887 767 1956; x_wconf 82' lang='lat' dir='ltr'>domibus,</span> <span class='ocrx_word' id='word_1_188' title='bbox 799 1902 874 1942; x_wconf 83' lang='lat' dir='ltr'>nano</span> <span class='ocrx_word' id='word_1_189' title='bbox 896 1902 994 1943; x_wconf 84' lang='lat' dir='ltr'>earnm</span> <span class='ocrx_word' id='word_1_190' title='bbox 1014 1888 1155 1944; x_wconf 84' lang='lat' dir='ltr'>uocabula</span> <span class='ocrx_word' id='word_1_191' title='bbox 1174 1889 1332 1947; x_wconf 82' lang='lat' dir='ltr'>uideamus.</span> 
     </span>
     <span class='ocr_line' id='line_1_20' title="bbox 180 1971 1330 2048; baseline 0.004 -22"><span class='ocrx_word' id='word_1_192' title='bbox 180 1978 245 2027; x_wconf 91' lang='lat' dir='ltr'>sunt</span> <span class='ocrx_word' id='word_1_193' title='bbox 266 1979 354 2027; x_wconf 89' lang='lat' dir='ltr'>antem</span> <span class='ocrx_word' id='word_1_194' title='bbox 376 1971 456 2036; x_wconf 88' lang='lat' dir='ltr'>haec,</span> <span class='ocrx_word' id='word_1_195' title='bbox 488 1971 597 2036; x_wconf 92' lang='lat' dir='ltr'>domus,</span> <span class='ocrx_word' id='word_1_196' title='bbox 627 1971 714 2035; x_wconf 86' lang='lat' dir='ltr'>aedis,</span> <span class='ocrx_word' id='word_1_197' title='bbox 745 1987 838 2028; x_wconf 87' lang='lat' dir='ltr'>cavum</span> <span class='ocrx_word' id='word_1_198' title='bbox 860 1971 979 2038; x_wconf 90' lang='lat' dir='ltr'>aedium,</span> <span class='ocrx_word' id='word_1_199' title='bbox 1010 1973 1133 2036; x_wconf 91' lang='lat' dir='ltr'>testudo,</span> <span class='ocrx_word' id='word_1_200' title='bbox 1163 1973 1330 2048; x_wconf 89' lang='lat' dir='ltr'>impluvium,</span> 
     </span>
     <span class='ocr_line' id='line_1_21' title="bbox 181 2055 1333 2133; baseline 0.004 -21"><span class='ocrx_word' id='word_1_201' title='bbox 181 2056 363 2121; x_wconf 84' lang='lat' dir='ltr'>tuscanicum,</span> <span class='ocrx_word' id='word_1_202' title='bbox 387 2056 499 2121; x_wconf 87' lang='lat' dir='ltr'>atrium,</span> <span class='ocrx_word' id='word_1_203' title='bbox 522 2056 604 2121; x_wconf 88' lang='lat' dir='ltr'>cella,</span> <span class='ocrx_word' id='word_1_204' title='bbox 627 2057 751 2131; x_wconf 87' lang='lat' dir='ltr'>penaria,</span> <span class='ocrx_word' id='word_1_205' title='bbox 776 2055 944 2122; x_wconf 91' lang='lat' dir='ltr'>cubiculum,</span> <span class='ocrx_word' id='word_1_206' title='bbox 968 2057 1156 2122; x_wconf 89' lang='lat' dir='ltr'>caenaculum,</span> <span class='ocrx_word' id='word_1_207' title='bbox 1188 2066 1246 2116; x_wconf 90' lang='lat' dir='ltr'>tum</span> <span class='ocrx_word' id='word_1_208' title='bbox 1267 2069 1333 2133; x_wconf 94' lang='lat' dir='ltr'>post</span> 
     </span>
     <span class='ocr_line' id='line_1_22' title="bbox 180 2140 1330 2218; baseline 0.003 -21"><span class='ocrx_word' id='word_1_209' title='bbox 180 2140 297 2198; x_wconf 92' lang='lat' dir='ltr'>duorum</span> <span class='ocrx_word' id='word_1_210' title='bbox 317 2140 444 2198; x_wconf 86' lang='lat' dir='ltr'>loliorum</span> <span class='ocrx_word' id='word_1_211' title='bbox 465 2142 587 2199; x_wconf 80' lang='lat' dir='ltr'>lacunam</span> <span class='ocrx_word' id='word_1_212' title='bbox 601 2151 680 2216; x_wconf 91' lang='lat' dir='ltr'>porta</span> <span class='ocrx_word' id='word_1_213' title='bbox 695 2141 798 2205; x_wconf 88' lang='lat' dir='ltr'>Naevia,</span> <span class='ocrx_word' id='word_1_214' title='bbox 821 2140 991 2209; x_wconf 87' lang='lat' dir='ltr'>rauduscula,</span> <span class='ocrx_word' id='word_1_215' title='bbox 1014 2142 1162 2206; x_wconf 85' lang='lat' dir='ltr'>lavernalis,</span> <span class='ocrx_word' id='word_1_216' title='bbox 1185 2144 1330 2218; x_wconf 88' lang='lat' dir='ltr'>mugionis,</span> 
     </span>
     <span class='ocr_line' id='line_1_23' title="bbox 181 2227 1330 2302; baseline 0.004 -20"><span class='ocrx_word' id='word_1_217' title='bbox 181 2227 338 2294; x_wconf 86' lang='lat' dir='ltr'>romanula,</span> <span class='ocrx_word' id='word_1_218' title='bbox 362 2227 493 2291; x_wconf 87' lang='lat' dir='ltr'>lanualis,</span> <span class='ocrx_word' id='word_1_219' title='bbox 524 2228 597 2285; x_wconf 94' lang='lat' dir='ltr'>unde</span> <span class='ocrx_word' id='word_1_220' title='bbox 618 2227 765 2284; x_wconf 90' lang='lat' dir='ltr'>Varronem</span> <span class='ocrx_word' id='word_1_221' title='bbox 787 2243 871 2301; x_wconf 91' lang='lat' dir='ltr'>aeque</span> <span class='ocrx_word' id='word_1_222' title='bbox 892 2236 974 2301; x_wconf 91' lang='lat' dir='ltr'>atque</span> <span class='ocrx_word' id='word_1_223' title='bbox 994 2244 1076 2302; x_wconf 87' lang='lat' dir='ltr'>supra</span> <span class='ocrx_word' id='word_1_224' title='bbox 1097 2244 1111 2283; x_wconf 93' lang='lat' dir='ltr'>a</span> <span class='ocrx_word' id='word_1_225' title='bbox 1134 2228 1229 2285; x_wconf 91' lang='lat' dir='ltr'>domus</span> <span class='ocrx_word' id='word_1_226' title='bbox 1250 2238 1330 2302; x_wconf 83' lang='lat' dir='ltr'>porta</span> 
     </span>
     <span class='ocr_line' id='line_1_24' title="bbox 180 2309 1330 2388; baseline 0.002 -20"><span class='ocrx_word' id='word_1_227' title='bbox 180 2313 212 2369; x_wconf 93' lang='lat' dir='ltr'>ad</span> <span class='ocrx_word' id='word_1_228' title='bbox 234 2313 333 2371; x_wconf 87' lang='lat' dir='ltr'>llomae</span> <span class='ocrx_word' id='word_1_229' title='bbox 354 2312 429 2371; x_wconf 90' lang='lat' dir='ltr'>urbis</span> <span class='ocrx_word' id='word_1_230' title='bbox 449 2322 542 2388; x_wconf 87' lang='lat' dir='ltr'>portas</span> <span class='ocrx_word' id='word_1_231' title='bbox 564 2312 692 2370; x_wconf 87' lang='lat' dir='ltr'>transisse</span> <span class='ocrx_word' id='word_1_232' title='bbox 714 2319 828 2369; x_wconf 88' lang='lat' dir='ltr'>constat.</span> <span class='ocrx_word' id='word_1_233' title='bbox 871 2311 912 2366; x_wconf 89' lang='lat' dir='ltr'>his</span> <span class='ocrx_word' id='word_1_234' title='bbox 933 2309 1063 2369; x_wconf 90' lang='lat' dir='ltr'>absolutis</span> <span class='ocrx_word' id='word_1_235' title='bbox 1085 2329 1154 2369; x_wconf 82' lang='lat' dir='ltr'>nova</span> <span class='ocrx_word' id='word_1_236' title='bbox 1177 2322 1330 2388; x_wconf 88' lang='lat' dir='ltr'>sequuntur</span> 
     </span>
     <span class='ocr_line' id='line_1_25' title="bbox 178 2395 1327 2473; baseline 0.004 -20"><span class='ocrx_word' id='word_1_237' title='bbox 178 2397 350 2463; x_wconf 85' lang='lat' dir='ltr'>lectulorum,</span> <span class='ocrx_word' id='word_1_238' title='bbox 379 2399 494 2473; x_wconf 87' lang='lat' dir='ltr'>denique</span> <span class='ocrx_word' id='word_1_239' title='bbox 515 2399 643 2472; x_wconf 83' lang='lat' dir='ltr'>pecuniae</span> <span class='ocrx_word' id='word_1_240' title='bbox 664 2395 793 2453; x_wconf 87' lang='lat' dir='ltr'>vocabula</span> <span class='ocrx_word' id='word_1_241' title='bbox 816 2412 900 2470; x_wconf 91' lang='lat' dir='ltr'>usque</span> <span class='ocrx_word' id='word_1_242' title='bbox 922 2397 955 2453; x_wconf 90' lang='lat' dir='ltr'>ad</span> <span class='ocrx_word' id='word_1_243' title='bbox 976 2395 1038 2454; x_wconf 91' lang='lat' dir='ltr'>libri</span> <span class='ocrx_word' id='word_1_244' title='bbox 1058 2397 1139 2455; x_wconf 89' lang='lat' dir='ltr'>finem</span> <span class='ocrx_word' id='word_1_245' title='bbox 1161 2398 1179 2470; x_wconf 64' lang='lat' dir='ltr'>g</span> <span class='ocrx_word' id='word_1_246' title='bbox 1205 2400 1327 2458; x_wconf 77' lang='lat' dir='ltr'>ido-9</span> 
     </span>
     <span class='ocr_line' id='line_1_26' title="bbox 178 2480 1329 2556; baseline 0.003 -19"><span class='ocrx_word' id='word_1_247' title='bbox 178 2498 264 2555; x_wconf 83' lang='lat' dir='ltr'>saper</span> <span class='ocrx_word' id='word_1_248' title='bbox 286 2484 395 2540; x_wconf 83' lang='lat' dir='ltr'>lectulis</span> <span class='ocrx_word' id='word_1_249' title='bbox 417 2484 540 2556; x_wconf 61' lang='lat' dir='ltr'>adfines</span> <span class='ocrx_word' id='word_1_250' title='bbox 562 2497 634 2556; x_wconf 86' lang='lat' dir='ltr'>quas</span> <span class='ocrx_word' id='word_1_251' title='bbox 656 2482 766 2538; x_wconf 85' lang='lat' dir='ltr'>adverti</span> <span class='ocrx_word' id='word_1_252' title='bbox 786 2480 842 2537; x_wconf 82' lang='lat' dir='ltr'>bae</span> <span class='ocrx_word' id='word_1_253' title='bbox 864 2497 1017 2554; x_wconf 77' lang='lat' dir='ltr'>..praeca</span> <span class='ocrx_word' id='word_1_254' title='bbox 1037 2490 1103 2539; x_wconf 81' lang='lat' dir='ltr'>sant</span> <span class='ocrx_word' id='word_1_255' title='bbox 1126 2484 1329 2556; x_wconf 75' lang='lat' dir='ltr'>peristromata</span> 
     </span>
     <span class='ocr_line' id='line_1_27' title="bbox 179 2567 1328 2639; baseline 0.005 -20"><span class='ocrx_word' id='word_1_256' title='bbox 179 2572 205 2620; x_wconf 90' lang='lat' dir='ltr'>et</span> <span class='ocrx_word' id='word_1_257' title='bbox 217 2567 449 2639; x_wconf 78' lang='lat' dir='ltr'>peripetasmata,</span> <span class='ocrx_word' id='word_1_258' title='bbox 471 2570 513 2624; x_wconf 86' lang='lat' dir='ltr'>sio</span> <span class='ocrx_word' id='word_1_259' title='bbox 527 2568 640 2639; x_wconf 81' lang='lat' dir='ltr'>aliquid</span> <span class='ocrx_word' id='word_1_260' title='bbox 653 2567 718 2622; x_wconf 82' lang='lat' dir='ltr'>item</span> <span class='ocrx_word' id='word_1_261' title='bbox 740 2567 863 2623; x_wconf 81' lang='lat' dir='ltr'>convivii</span> <span class='ocrx_word' id='word_1_262' title='bbox 884 2583 974 2623; x_wconf 83' lang='lat' dir='ltr'>causa</span> <span class='ocrx_word' id='word_1_263' title='bbox 995 2569 1036 2625; x_wconf 80' lang='lat' dir='ltr'>toi</span> <span class='ocrx_word' id='word_1_264' title='bbox 1056 2568 1154 2624; x_wconf 83' lang='lat' dir='ltr'>malta.</span> <span class='ocrx_word' id='word_1_265' title='bbox 1184 2567 1328 2625; x_wconf 82' lang='lat' dir='ltr'>Pecuniae</span> 
     </span>
     <span class='ocr_line' id='line_1_28' title="bbox 177 2649 956 2725; baseline 0.006 -22"><span class='ocrx_word' id='word_1_266' title='bbox 177 2649 308 2719; x_wconf 75' lang='lat' dir='ltr'>signatae</span> <span class='ocrx_word' id='word_1_267' title='bbox 330 2652 470 2708; x_wconf 82' lang='lat' dir='ltr'>uocabula</span> <span class='ocrx_word' id='word_1_268' title='bbox 491 2659 569 2717; x_wconf 82' lang='lat' dir='ltr'>snat,</span> <span class='ocrx_word' id='word_1_269' title='bbox 597 2653 674 2708; x_wconf 82' lang='lat' dir='ltr'>aeris</span> <span class='ocrx_word' id='word_1_270' title='bbox 696 2659 723 2707; x_wconf 84' lang='lat' dir='ltr'>et</span> <span class='ocrx_word' id='word_1_271' title='bbox 745 2653 856 2725; x_wconf 78' lang='lat' dir='ltr'>arpenti</span> <span class='ocrx_word' id='word_1_272' title='bbox 875 2651 956 2709; x_wconf 73' lang='lat' dir='ltr'>liaeo.</span> 
     </span>
    </p>

    <p class='ocr_par' dir='ltr' id='par_1_3' title="bbox 176 2733 1327 3404">
     <span class='ocr_line' id='line_1_29' title="bbox 264 2733 1326 2810; baseline 0.007 -22"><span class='ocrx_word' id='word_1_273' title='bbox 264 2733 312 2790; x_wconf 88' lang='lat' dir='ltr'>llic</span> <span class='ocrx_word' id='word_1_274' title='bbox 334 2736 402 2791; x_wconf 92' lang='lat' dir='ltr'>ordo</span> <span class='ocrx_word' id='word_1_275' title='bbox 425 2752 515 2792; x_wconf 90' lang='lat' dir='ltr'>rerum</span> <span class='ocrx_word' id='word_1_276' title='bbox 536 2734 654 2810; x_wconf 88' lang='lat' dir='ltr'>vulgaris</span> <span class='ocrx_word' id='word_1_277' title='bbox 676 2753 737 2792; x_wconf 91' lang='lat' dir='ltr'>cnm</span> <span class='ocrx_word' id='word_1_278' title='bbox 758 2745 830 2792; x_wconf 91' lang='lat' dir='ltr'>stare</span> <span class='ocrx_word' id='word_1_279' title='bbox 851 2744 968 2810; x_wconf 89' lang='lat' dir='ltr'>nequeat</span> <span class='ocrx_word' id='word_1_280' title='bbox 990 2744 1017 2793; x_wconf 88' lang='lat' dir='ltr'>et</span> <span class='ocrx_word' id='word_1_281' title='bbox 1038 2736 1136 2794; x_wconf 87' lang='lat' dir='ltr'>lrustra</span> <span class='ocrx_word' id='word_1_282' title='bbox 1159 2736 1192 2794; x_wconf 90' lang='lat' dir='ltr'>ab</span> <span class='ocrx_word' id='word_1_283' title='bbox 1214 2736 1326 2795; x_wconf 87' lang='lat' dir='ltr'>lliillero</span> 
     </span>
     <span class='ocr_line' id='line_1_30' title="bbox 178 2815 1326 2896; baseline 0.009 -26"><span class='ocrx_word' id='word_1_284' title='bbox 178 2815 210 2871; x_wconf 89' lang='lat' dir='ltr'>ad</span> <span class='ocrx_word' id='word_1_285' title='bbox 233 2816 251 2888; x_wconf 58' lang='grc' dir='ltr'><strong><em>ἦ</em></strong></span> <span class='ocrx_word' id='word_1_286' title='bbox 276 2819 334 2875; x_wconf 87' lang='grc'>105</span> <span class='ocrx_word' id='word_1_287' title='bbox 358 2819 530 2883; x_wconf 84' lang='lat' dir='ltr'>defendatur,</span> <span class='ocrx_word' id='word_1_288' title='bbox 566 2837 618 2893; x_wconf 91' lang='lat' dir='ltr'>qua</span> <span class='ocrx_word' id='word_1_289' title='bbox 640 2820 743 2876; x_wconf 88' lang='lat' dir='ltr'>ratione</span> <span class='ocrx_word' id='word_1_290' title='bbox 772 2819 912 2877; x_wconf 78' lang='lat' dir='ltr'>difficultas</span> <span class='ocrx_word' id='word_1_291' title='bbox 936 2820 1004 2876; x_wconf 82' lang='lat' dir='ltr'>solvi</span> <span class='ocrx_word' id='word_1_292' title='bbox 1025 2821 1112 2894; x_wconf 90' lang='lat' dir='ltr'>possit</span> <span class='ocrx_word' id='word_1_293' title='bbox 1133 2823 1326 2896; x_wconf 88' lang='lat' dir='ltr'>quaerendum.</span> 
     </span>
     <span class='ocr_line' id='line_1_31' title="bbox 177 2899 1327 2977; baseline 0.01 -22"><span class='ocrx_word' id='word_1_294' title='bbox 177 2899 269 2955; x_wconf 75' lang='lat' dir='ltr'>‘l&#39;rinm</span> <span class='ocrx_word' id='word_1_295' title='bbox 290 2908 420 2974; x_wconf 79' lang='lat' dir='ltr'>generum</span> <span class='ocrx_word' id='word_1_296' title='bbox 441 2919 536 2960; x_wconf 87' lang='lat' dir='ltr'>eorum</span> <span class='ocrx_word' id='word_1_297' title='bbox 558 2920 627 2977; x_wconf 92' lang='lat' dir='ltr'>quae</span> <span class='ocrx_word' id='word_1_298' title='bbox 647 2920 728 2959; x_wconf 91' lang='lat' dir='ltr'>manu</span> <span class='ocrx_word' id='word_1_299' title='bbox 750 2902 912 2968; x_wconf 77' lang='lat' dir='ltr'>factasunt,</span> <span class='ocrx_word' id='word_1_300' title='bbox 937 2904 970 2960; x_wconf 94' lang='lat' dir='ltr'>de</span> <span class='ocrx_word' id='word_1_301' title='bbox 991 2904 1072 2969; x_wconf 90' lang='lat' dir='ltr'>victu,</span> <span class='ocrx_word' id='word_1_302' title='bbox 1099 2906 1132 2964; x_wconf 93' lang='lat' dir='ltr'>de</span> <span class='ocrx_word' id='word_1_303' title='bbox 1154 2907 1269 2973; x_wconf 85' lang='lat' dir='ltr'>vestitu,</span> <span class='ocrx_word' id='word_1_304' title='bbox 1292 2909 1327 2966; x_wconf 86' lang='lat' dir='ltr'>de</span> 
     </span>
     <span class='ocr_line' id='line_1_32' title="bbox 177 2985 1327 3061; baseline 0.01 -22"><span class='ocrx_word' id='word_1_305' title='bbox 177 2985 373 3051; x_wconf 89' lang='lat' dir='ltr'>instrumento,</span> <span class='ocrx_word' id='word_1_306' title='bbox 406 2987 484 3061; x_wconf 91' lang='lat' dir='ltr'>primi</span> <span class='ocrx_word' id='word_1_307' title='bbox 513 2987 594 3044; x_wconf 89' lang='lat' dir='ltr'>finem</span> <span class='ocrx_word' id='word_1_308' title='bbox 620 2996 647 3044; x_wconf 90' lang='lat' dir='ltr'>et</span> <span class='ocrx_word' id='word_1_309' title='bbox 676 2987 785 3043; x_wconf 90' lang='lat' dir='ltr'>alterius</span> <span class='ocrx_word' id='word_1_310' title='bbox 812 2988 918 3044; x_wconf 92' lang='lat' dir='ltr'>initium</span> <span class='ocrx_word' id='word_1_311' title='bbox 949 2987 1044 3045; x_wconf 87' lang='lat' dir='ltr'>lacuna</span> <span class='ocrx_word' id='word_1_312' title='bbox 1078 2990 1235 3049; x_wconf 90' lang='lat' dir='ltr'>devoratum</span> <span class='ocrx_word' id='word_1_313' title='bbox 1266 3010 1327 3052; x_wconf 90' lang='lat' dir='ltr'>esse</span> 
     </span>
     <span class='ocr_line' id='line_1_33' title="bbox 179 3072 1326 3147; baseline 0.009 -21"><span class='ocrx_word' id='word_1_314' title='bbox 179 3078 283 3127; x_wconf 90' lang='lat' dir='ltr'>certum</span> <span class='ocrx_word' id='word_1_315' title='bbox 304 3081 355 3135; x_wconf 90' lang='lat' dir='ltr'>est,</span> <span class='ocrx_word' id='word_1_316' title='bbox 378 3073 426 3129; x_wconf 92' lang='lat' dir='ltr'>sed</span> <span class='ocrx_word' id='word_1_317' title='bbox 447 3089 503 3130; x_wconf 92' lang='lat' dir='ltr'>non</span> <span class='ocrx_word' id='word_1_318' title='bbox 524 3072 613 3129; x_wconf 91' lang='lat' dir='ltr'>minus</span> <span class='ocrx_word' id='word_1_319' title='bbox 635 3080 747 3136; x_wconf 88' lang='lat' dir='ltr'>certum,</span> <span class='ocrx_word' id='word_1_320' title='bbox 771 3073 845 3147; x_wconf 95' lang='lat' dir='ltr'>quod</span> <span class='ocrx_word' id='word_1_321' title='bbox 858 3073 1020 3139; x_wconf 91' lang='lat' dir='ltr'>monuimus,</span> <span class='ocrx_word' id='word_1_322' title='bbox 1044 3077 1164 3134; x_wconf 87' lang='lat' dir='ltr'>secundo</span> <span class='ocrx_word' id='word_1_323' title='bbox 1179 3079 1212 3135; x_wconf 89' lang='lat' dir='ltr'>de</span> <span class='ocrx_word' id='word_1_324' title='bbox 1227 3079 1326 3136; x_wconf 89' lang='lat' dir='ltr'>vestitu</span> 
     </span>
     <span class='ocr_line' id='line_1_34' title="bbox 177 3153 1325 3231; baseline 0.006 -20"><span class='ocrx_word' id='word_1_325' title='bbox 177 3153 245 3212; x_wconf 91' lang='lat' dir='ltr'>male</span> <span class='ocrx_word' id='word_1_326' title='bbox 267 3155 405 3214; x_wconf 86' lang='lat' dir='ltr'>interiecta</span> <span class='ocrx_word' id='word_1_327' title='bbox 427 3175 486 3216; x_wconf 91' lang='lat' dir='ltr'>esse</span> <span class='ocrx_word' id='word_1_328' title='bbox 508 3158 683 3231; x_wconf 71' lang='lat'><strong>§118-28</strong></span> <span class='ocrx_word' id='word_1_329' title='bbox 705 3172 830 3213; x_wconf 84' lang='lat' dir='ltr'>mensam</span> <span class='ocrx_word' id='word_1_330' title='bbox 852 3159 1036 3215; x_wconf 75' lang='lat' dir='ltr'>escarium..</span> <span class='ocrx_word' id='word_1_331' title='bbox 1053 3160 1191 3219; x_wconf 86' lang='lat' dir='ltr'>bisetliam</span> <span class='ocrx_word' id='word_1_332' title='bbox 1213 3165 1325 3229; x_wconf 85' lang='lat' dir='ltr'>dictum,</span> 
     </span>
     <span class='ocr_line' id='line_1_35' title="bbox 179 3241 1325 3323; baseline 0.007 -26"><span class='ocrx_word' id='word_1_333' title='bbox 179 3241 337 3298; x_wconf 86' lang='lat' dir='ltr'>domesticas</span> <span class='ocrx_word' id='word_1_334' title='bbox 358 3259 402 3299; x_wconf 91' lang='lat' dir='ltr'>res</span> <span class='ocrx_word' id='word_1_335' title='bbox 424 3260 493 3318; x_wconf 89' lang='lat' dir='ltr'>quae</span> <span class='ocrx_word' id='word_1_336' title='bbox 514 3244 547 3300; x_wconf 91' lang='lat' dir='ltr'>ad</span> <span class='ocrx_word' id='word_1_337' title='bbox 569 3259 661 3300; x_wconf 90' lang='lat' dir='ltr'>renam</span> <span class='ocrx_word' id='word_1_338' title='bbox 683 3251 711 3300; x_wconf 90' lang='lat' dir='ltr'>et</span> <span class='ocrx_word' id='word_1_339' title='bbox 732 3243 882 3300; x_wconf 89' lang='lat' dir='ltr'>convivium</span> <span class='ocrx_word' id='word_1_340' title='bbox 903 3244 1049 3318; x_wconf 90' lang='lat' dir='ltr'>pertinent.</span> <span class='ocrx_word' id='word_1_341' title='bbox 1099 3247 1218 3305; x_wconf 83' lang='lat' dir='ltr'>Tertium</span> <span class='ocrx_word' id='word_1_342' title='bbox 1240 3265 1325 3323; x_wconf 86' lang='lat' dir='ltr'>genus</span> 
     </span>
     <span class='ocr_line' id='line_1_36' title="bbox 176 3326 890 3404; baseline 0.001 -21"><span class='ocrx_word' id='word_1_343' title='bbox 176 3326 210 3384; x_wconf 90' lang='lat' dir='ltr'>de</span> <span class='ocrx_word' id='word_1_344' title='bbox 231 3327 408 3384; x_wconf 87' lang='lat' dir='ltr'>instrumento</span> <span class='ocrx_word' id='word_1_345' title='bbox 431 3329 462 3385; x_wconf 88' lang='lat' dir='ltr'>ad</span> <span class='ocrx_word' id='word_1_346' title='bbox 485 3327 565 3386; x_wconf 89' lang='lat' dir='ltr'>linem</span> <span class='ocrx_word' id='word_1_347' title='bbox 585 3346 672 3404; x_wconf 92' lang='lat' dir='ltr'>usque</span> <span class='ocrx_word' id='word_1_348' title='bbox 694 3328 758 3385; x_wconf 92' lang='lat' dir='ltr'>haec</span> <span class='ocrx_word' id='word_1_349' title='bbox 781 3337 890 3386; x_wconf 87' lang='lat' dir='ltr'>tractat:</span> 
     </span>
    </p>

    <p class='ocr_par' dir='ltr' id='par_1_4' title="bbox 262 3411 1325 3489">
     <span class='ocr_line' id='line_1_37' title="bbox 262 3411 1325 3489; baseline 0.006 -21"><span class='ocrx_word' id='word_1_350' title='bbox 262 3411 448 3469; x_wconf 81' lang='lat' dir='ltr'>instrumenta</span> <span class='ocrx_word' id='word_1_351' title='bbox 477 3415 602 3479; x_wconf 81' lang='lat' dir='ltr'>rustica,</span> <span class='ocrx_word' id='word_1_352' title='bbox 639 3430 712 3488; x_wconf 88' lang='lat' dir='ltr'>qaae</span> <span class='ocrx_word' id='word_1_353' title='bbox 738 3414 850 3485; x_wconf 78' lang='lat' dir='ltr'>serendi</span> <span class='ocrx_word' id='word_1_354' title='bbox 881 3421 931 3471; x_wconf 83' lang='lat' dir='ltr'>aut</span> <span class='ocrx_word' id='word_1_355' title='bbox 959 3414 1069 3472; x_wconf 83' lang='lat' dir='ltr'>colendi</span> <span class='ocrx_word' id='word_1_356' title='bbox 1097 3416 1206 3489; x_wconf 74' lang='lat' dir='ltr'>fructus</span> <span class='ocrx_word' id='word_1_357' title='bbox 1236 3432 1325 3474; x_wconf 84' lang='lat' dir='ltr'>causa</span> 
     </span>
    </p>

    <p class='ocr_par' dir='ltr' id='par_1_5' title="bbox 328 3498 894 3572">
     <span class='ocr_line' id='line_1_38' title="bbox 328 3498 894 3572; baseline 0.009 -18"><span class='ocrx_word' id='word_1_358' title='bbox 328 3498 408 3571; x_wconf 81' lang='lat' dir='ltr'>sacta</span> <span class='ocrx_word' id='word_1_359' title='bbox 430 3540 461 3557; x_wconf 87' lang='lat'>..</span> <span class='ocrx_word' id='word_1_360' title='bbox 483 3499 655 3572; x_wconf 73' lang='lat' dir='ltr'>frumentum</span> <span class='ocrx_word' id='word_1_361' title='bbox 677 3500 695 3572; x_wconf 58' lang='grc' dir='ltr'><strong><em>ἦ</em></strong></span> <span class='ocrx_word' id='word_1_362' title='bbox 720 3500 894 3559; x_wconf 87' lang='grc'><strong>134-138.</strong></span> 
     </span>
    </p>

    <p class='ocr_par' dir='ltr' id='par_1_6' title="bbox 262 3575 1322 3666">
     <span class='ocr_line' id='line_1_39' title="bbox 262 3575 1322 3666; baseline 0.001 -27"><span class='ocrx_word' id='word_1_363' title='bbox 262 3584 363 3656; x_wconf 83' lang='lat' dir='ltr'>quibus</span> <span class='ocrx_word' id='word_1_364' title='bbox 385 3591 576 3657; x_wconf 82' lang='lat' dir='ltr'>comportatur</span> <span class='ocrx_word' id='word_1_365' title='bbox 596 3585 706 3655; x_wconf 75' lang='lat' dir='ltr'>fructas</span> <span class='ocrx_word' id='word_1_366' title='bbox 722 3575 780 3666; x_wconf 81' lang='lat' dir='ltr'>[aa]</span> <span class='ocrx_word' id='word_1_367' title='bbox 796 3584 975 3641; x_wconf 80' lang='lat' dir='ltr'>necessariae</span> <span class='ocrx_word' id='word_1_368' title='bbox 996 3603 1042 3643; x_wconf 82' lang='lat' dir='ltr'>res</span> <span class='ocrx_word' id='word_1_369' title='bbox 1058 3628 1065 3643; x_wconf 91' lang='lat'><strong>.</strong></span> <span class='ocrx_word' id='word_1_370' title='bbox 1081 3627 1089 3643; x_wconf 90' lang='lat'><strong>.</strong></span> <span class='ocrx_word' id='word_1_371' title='bbox 1105 3588 1198 3644; x_wconf 80' lang='lat' dir='ltr'>dictae</span> <span class='ocrx_word' id='word_1_372' title='bbox 1219 3588 1237 3657; x_wconf 56' lang='grc' dir='ltr'>ᾗ</span> <span class='ocrx_word' id='word_1_373' title='bbox 1253 3587 1322 3642; x_wconf 86' lang='grc'><strong>139.</strong></span> 
     </span>
    </p>

    <p class='ocr_par' dir='ltr' id='par_1_7' title="bbox 262 3668 1279 3749">
     <span class='ocr_line' id='line_1_40' title="bbox 262 3668 1279 3749; baseline -0.001 -25"><span class='ocrx_word' id='word_1_374' title='bbox 262 3670 296 3725; x_wconf 87' lang='lat' dir='ltr'>de</span> <span class='ocrx_word' id='word_1_375' title='bbox 316 3668 361 3724; x_wconf 83' lang='lat' dir='ltr'>bis</span> <span class='ocrx_word' id='word_1_376' title='bbox 383 3684 455 3742; x_wconf 86' lang='lat' dir='ltr'>quae</span> <span class='ocrx_word' id='word_1_377' title='bbox 477 3670 602 3726; x_wconf 83' lang='lat' dir='ltr'>iumenta</span> <span class='ocrx_word' id='word_1_378' title='bbox 624 3671 729 3726; x_wconf 84' lang='lat' dir='ltr'>ducunt</span> <span class='ocrx_word' id='word_1_379' title='bbox 752 3707 784 3726; x_wconf 91' lang='lat'>..</span> <span class='ocrx_word' id='word_1_380' title='bbox 806 3685 916 3726; x_wconf 86' lang='lat' dir='ltr'>asseres</span> <span class='ocrx_word' id='word_1_381' title='bbox 938 3669 1279 3749; x_wconf 76' lang='lat' dir='ltr'>liqnnm§139-140.</span> 
     </span>
    </p>

    <p class='ocr_par' dir='ltr' id='par_1_8' title="bbox 261 3752 930 3828">
     <span class='ocr_line' id='line_1_41' title="bbox 261 3752 930 3828; baseline 0.004 -20"><span class='ocrx_word' id='word_1_382' title='bbox 261 3752 397 3828; x_wconf 73' lang='lat' dir='ltr'>Aedificia</span> <span class='ocrx_word' id='word_1_383' title='bbox 418 3756 564 3811; x_wconf 81' lang='lat' dir='ltr'>nominata</span> <span class='ocrx_word' id='word_1_384' title='bbox 586 3771 605 3811; x_wconf 92' lang='lat' dir='ltr'>a</span> <span class='ocrx_word' id='word_1_385' title='bbox 626 3764 708 3828; x_wconf 86' lang='lat' dir='ltr'>parte</span> <span class='ocrx_word' id='word_1_386' title='bbox 729 3762 761 3811; x_wconf 83' lang='lat' dir='ltr'>at</span> <span class='ocrx_word' id='word_1_387' title='bbox 780 3755 870 3811; x_wconf 82' lang='lat' dir='ltr'>matta</span> <span class='ocrx_word' id='word_1_388' title='bbox 892 3797 899 3810; x_wconf 86' lang='lat'><strong>.</strong></span> <span class='ocrx_word' id='word_1_389' title='bbox 923 3797 930 3811; x_wconf 89' lang='lat'><strong>.</strong></span> 
     </span>
    </p>
   </div>
   <div class='ocr_carea' id='block_1_3' title="bbox 176 4014 1321 4287">
    <p class='ocr_par' dir='ltr' id='par_1_9' title="bbox 176 4014 1321 4287">
     <span class='ocr_line' id='line_1_42' title="bbox 263 4014 1321 4087; baseline 0.005 -20"><span class='ocrx_word' id='word_1_390' title='bbox 263 4014 288 4080; x_wconf 85' lang='grc'>*)</span> <span class='ocrx_word' id='word_1_391' title='bbox 306 4018 384 4071; x_wconf 87' lang='lat' dir='ltr'>verba</span> <span class='ocrx_word' id='word_1_392' title='bbox 402 4034 468 4086; x_wconf 86' lang='lat' dir='ltr'>quae</span> <span class='ocrx_word' id='word_1_393' title='bbox 485 4021 626 4087; x_wconf 88' lang='lat' dir='ltr'>sequuntur</span> <span class='ocrx_word' id='word_1_394' title='bbox 643 4018 716 4069; x_wconf 84' lang='lat' dir='ltr'>Arca</span> <span class='ocrx_word' id='word_1_395' title='bbox 735 4021 807 4084; x_wconf 81' lang='lat' dir='ltr'>qnod</span> <span class='ocrx_word' id='word_1_396' title='bbox 823 4059 830 4073; x_wconf 89' lang='lat'><strong>.</strong></span> <span class='ocrx_word' id='word_1_397' title='bbox 849 4059 856 4074; x_wconf 94' lang='lat'><strong><em>.</em></strong></span> <span class='ocrx_word' id='word_1_398' title='bbox 874 4025 1023 4074; x_wconf 77' lang='lat' dir='ltr'>arenariam</span> <span class='ocrx_word' id='word_1_399' title='bbox 1040 4023 1067 4070; x_wconf 83' lang='lat' dir='ltr'>es</span> <span class='ocrx_word' id='word_1_400' title='bbox 1082 4020 1321 4072; x_wconf 78' lang='lat' dir='ltr'>armanreatarn&#39;nm</span> 
     </span>
     <span class='ocr_line' id='line_1_43' title="bbox 177 4082 1320 4155; baseline 0.005 -20"><span class='ocrx_word' id='word_1_401' title='bbox 177 4118 185 4135; x_wconf 87' lang='lat'><strong><em>.</em></strong></span> <span class='ocrx_word' id='word_1_402' title='bbox 204 4118 211 4134; x_wconf 92' lang='lat'><strong>.</strong></span> <span class='ocrx_word' id='word_1_403' title='bbox 230 4082 365 4136; x_wconf 82' lang='lat' dir='ltr'>declinata</span> <span class='ocrx_word' id='word_1_404' title='bbox 382 4088 462 4138; x_wconf 80' lang='lat' dir='ltr'>aliter</span> <span class='ocrx_word' id='word_1_405' title='bbox 478 4088 530 4140; x_wconf 85' lang='lat' dir='ltr'>iarn</span> <span class='ocrx_word' id='word_1_406' title='bbox 548 4102 562 4139; x_wconf 91' lang='lat' dir='ltr'>a</span> <span class='ocrx_word' id='word_1_407' title='bbox 580 4085 684 4138; x_wconf 90' lang='lat' dir='ltr'>sedibus</span> <span class='ocrx_word' id='word_1_408' title='bbox 702 4087 860 4155; x_wconf 89' lang='lat' dir='ltr'>seiungenda</span> <span class='ocrx_word' id='word_1_409' title='bbox 878 4105 936 4143; x_wconf 89' lang='lat' dir='ltr'>esse</span> <span class='ocrx_word' id='word_1_410' title='bbox 953 4103 1060 4151; x_wconf 75' lang='lat' dir='ltr'>cense03</span> <span class='ocrx_word' id='word_1_411' title='bbox 1079 4083 1216 4138; x_wconf 85' lang='lat' dir='ltr'>cohaerent</span> <span class='ocrx_word' id='word_1_412' title='bbox 1233 4088 1320 4154; x_wconf 89' lang='lat' dir='ltr'>potius</span> 
     </span>
     <span class='ocr_line' id='line_1_44' title="bbox 176 4151 1321 4224; baseline 0.006 -22"><span class='ocrx_word' id='word_1_413' title='bbox 176 4165 235 4204; x_wconf 91' lang='lat' dir='ltr'>cum</span> <span class='ocrx_word' id='word_1_414' title='bbox 255 4151 288 4203; x_wconf 90' lang='lat' dir='ltr'>iis</span> <span class='ocrx_word' id='word_1_415' title='bbox 310 4166 377 4219; x_wconf 86' lang='lat' dir='ltr'>quae</span> <span class='ocrx_word' id='word_1_416' title='bbox 395 4155 412 4222; x_wconf 58' lang='grc' dir='ltr'>ᾖ</span> <span class='ocrx_word' id='word_1_417' title='bbox 432 4158 479 4208; x_wconf 80' lang='lat'>117</span> <span class='ocrx_word' id='word_1_418' title='bbox 503 4155 535 4208; x_wconf 89' lang='lat' dir='ltr'>de</span> <span class='ocrx_word' id='word_1_419' title='bbox 556 4169 585 4206; x_wconf 90' lang='lat' dir='ltr'>re</span> <span class='ocrx_word' id='word_1_420' title='bbox 607 4153 711 4206; x_wconf 88' lang='lat' dir='ltr'>militari</span> <span class='ocrx_word' id='word_1_421' title='bbox 733 4155 878 4211; x_wconf 81' lang='lat' dir='ltr'>referuntur</span> <span class='ocrx_word' id='word_1_422' title='bbox 895 4197 901 4211; x_wconf 91' lang='lat'><em>.</em></span> <span class='ocrx_word' id='word_1_423' title='bbox 921 4197 928 4213; x_wconf 87' lang='lat'><strong>.</strong></span> <span class='ocrx_word' id='word_1_424' title='bbox 946 4162 978 4209; x_wconf 85' lang='lat' dir='ltr'>at</span> <span class='ocrx_word' id='word_1_425' title='bbox 999 4159 1092 4208; x_wconf 82' lang='lat' dir='ltr'>uineae</span> <span class='ocrx_word' id='word_1_426' title='bbox 1113 4153 1217 4207; x_wconf 79' lang='lat' dir='ltr'>testudo</span> <span class='ocrx_word' id='word_1_427' title='bbox 1242 4160 1321 4224; x_wconf 82' lang='lat' dir='ltr'>aries,</span> 
     </span>
     <span class='ocr_line' id='line_1_45' title="bbox 177 4218 820 4287; baseline 0.009 -16"><span class='ocrx_word' id='word_1_428' title='bbox 177 4218 270 4287; x_wconf 90' lang='lat' dir='ltr'>quibus</span> <span class='ocrx_word' id='word_1_429' title='bbox 287 4221 410 4272; x_wconf 86' lang='lat' dir='ltr'>transitus</span> <span class='ocrx_word' id='word_1_430' title='bbox 428 4221 461 4274; x_wconf 92' lang='lat' dir='ltr'>ad</span> <span class='ocrx_word' id='word_1_431' title='bbox 478 4222 599 4275; x_wconf 89' lang='lat' dir='ltr'>mundum</span> <span class='ocrx_word' id='word_1_432' title='bbox 616 4221 765 4277; x_wconf 90' lang='lat' dir='ltr'>muliebrem</span> <span class='ocrx_word' id='word_1_433' title='bbox 783 4223 820 4278; x_wconf 80' lang='lat' dir='ltr'>nt</span> 
     </span>
    </p>
   </div>
   <div class='ocr_carea' id='block_1_4' title="bbox 0 0 1524 5048">
    <p class='ocr_par' dir='ltr' id='par_1_10' title="bbox 0 0 1524 5048">
     <span class='ocr_line' id='line_1_46' title="bbox 0 0 1524 5048; baseline 0 3"><span class='ocrx_word' id='word_1_434' title='bbox 0 0 1524 5048; x_wconf 95' lang='lat' dir='ltr'> </span> 
     </span>
    </p>
   </div>
  </div>
 </body>
</html>
