3038 5048
254 276 315 336 210
605 275 721 334 LIBER
736 276 867 335 NONUS.
903 277 1050 347 sss-51.

254 449 410 534 ooneedo,
432 449 491 518 sed
513 456 549 516 nt
570 451 780 532 vestimenta;
810 468 910 536 quare
936 454 973 516 ut
1000 447 1054 516 hie
1079 447 1339 518 similitudinem
1369 471 1420 518 se·

255 551 396 635 quimur,
428 556 465 619 ut
492 550 594 620 virilis
624 551 732 620 tunioa
759 550 802 620 sit
823 550 909 618 virili
935 548 1065 636 similis,
1097 550 1177 619 item
1199 555 1288 632 toga
1308 557 1419 636 togae,

255 653 302 721 sio
323 651 491 722 mulierum
513 653 598 721 stola
618 659 654 721 nt
675 654 719 722 sit
739 655 840 722 stolae
862 652 1066 739 proportione
1088 657 1122 721 et
1140 652 1288 738 pallium
1314 655 1419 740 pallio

254 753 376 837 simile,
410 753 457 821 sio
484 774 557 822 oum
584 756 649 824 sint
675 756 805 824 nomina
834 753 980 821 utilitatis
1010 774 1124 838 eausa,
1156 759 1273 822 tamen
1306 754 1420 823 virilia

254 857 337 926 inter
359 876 395 924 se
417 856 544 943 similia,
572 856 649 925 item
671 858 842 925 muliebria
862 857 945 924 inter
966 876 1003 924 se
1025 855 1116 942 sequi
1137 855 1314 925 debemus.
1437 871 1451 922 o

152 960 172 1041 5
194 962 235 1025 49
343 963 394 1027 34.
430 958 525 1040 Quod
546 959 637 1026 aiunt
656 966 691 1028 ut
712 958 858 1028 Persedit
881 965 914 1026 et
934 959 1079 1026 Perstitit
1100 958 1147 1025 sio
1168 1009 1177 1025 .
1201 1009 1209 1025 .
1233 959 1422 1026 Pereubuit

100 1061 409 1148 ‹aaarouqmniam
430 1082 494 1128 non
516 1061 566 1144 sit,
588 1081 653 1128 non
675 1080 747 1130 esse
769 1060 950 1146 analogian,
973 1061 1062 1127 utin
1085 1061 1146 1128 hoe
1166 1060 1297 1127 erranti
1327 1059 1421 1143 quod

257 1165 320 1232 duo
343 1162 522 1248 posteriora
544 1183 585 1231 ex
606 1162 766 1249 prioribus
787 1161 947 1230 deeliuata
968 1182 1031 1230 non
1054 1168 1136 1244 sunt,
1158 1181 1233 1228 oum
1257 1161 1422 1247 analogia

255 1264 444 1351 polliceatur
480 1285 521 1332 ex
557 1262 682 1348 duobus
719 1263 877 1332 similibus
922 1263 1069 1332 similiter
1109 1261 1285 1331 declinatis
1326 1263 1420 1330 sirni-

254 1368 300 1438 lia
320 1368 397 1435 fore.
1443 1379 1468 1433 to

150 1470 170 1551 5
193 1472 233 1533 50
342 1475 392 1538 35.
415 1467 480 1548 out
501 1466 611 1535 dieunt
634 1466 720 1550 quod
743 1466 785 1532 sit
806 1468 848 1533 ab
869 1468 1007 1535 Romulo
1021 1467 1125 1534 Roma
1139 1471 1252 1535 etnon
1266 1466 1424 1546 Romula

254 1577 415 1655 nequent
437 1571 480 1638 ab
502 1590 563 1637 ove
586 1566 694 1636 Ovilia
721 1567 769 1636 sio
790 1589 812 1636 a
834 1569 917 1637 bove
945 1568 1082 1652 Bovilia,
1112 1565 1197 1653 [oen]
1229 1587 1307 1637 esse
1335 1590 1421 1638 ana·

254 1672 374 1757 logias,
402 1677 524 1757 emant,
554 1670 640 1754 quod
668 1689 763 1739 nemo
791 1670 961 1755 pollicetur
983 1690 1001 1737 e
1024 1670 1181 1739 voeabula
1210 1671 1420 1740 vocabulum

254 1772 409 1841 deelinari
430 1778 517 1840 teoto
540 1792 616 1840 oasa
637 1771 793 1856 singulari
818 1771 853 1838 in
880 1780 1003 1842 reotum
1031 1772 1241 1857 singularem,
1277 1773 1344 1840 sen
1376 1793 1419 1839 ex

254 1873 381 1941 duobus
414 1874 581 1944 vocabulis
614 1873 772 1941 similibus
808 1893 901 1942 easus
936 1874 1084 1945 similiter
1111 1873 1293 1944 leonnatus
1323 1875 1469 1944 simi-15

252 1975 301 2043 les
321 1977 401 2045 fieri.

148 2078 168 2159 5
191 2081 227 2143 51
340 2082 391 2147 36.
425 2077 559 2164 Dicunt,
581 2080 669 2165 quod
690 2079 849 2148 voeabula
870 2078 1048 2149 litterarum
1069 2078 1240 2147 latinarum
1262 2098 1332 2147 non
1355 2079 1418 2148 ‹le-

102 2158 412 2250 il·⁴⁹²⁸¹'·¹'olinentur
437 2181 473 2248 in
498 2201 606 2266 casus,
636 2202 701 2250 non
730 2200 801 2249 esse
828 2181 1009 2269 analogiaa3
1047 2181 1083 2248 hi
1113 2202 1153 2250 ea
1180 2198 1264 2265 quae
1293 2187 1420 2250 natura

256 2282 411 2352 declinari
432 2305 496 2351 non
517 2290 659 2371 possunt,
682 2304 792 2352 eorum
813 2283 992 2351 declinatus
1014 2283 1188 2368 requirunt,
1212 2280 1354 2368 proinde
1380 2290 1419 2351 ut

339 2452 373 2508 F.
392 2452 439 2507 fol.
459 2421 527 2508 leb.
546 2453 624 2522 sequi
641 2452 770 2509 debemus

341 2625 352 2674 1
374 2621 586 2686 similitudinem]
605 2621 677 2691 LSp,
695 2621 888 2678 similitudines
904 2621 937 2677 F.
958 2653 994 2663 -
1016 2636 1192 2690 sequeremur
1208 2619 1241 2688 F,
1259 2634 1415 2690 sequemur

253 2706 354 2775 rulg,
376 2721 449 2761 corr.
473 2705 668 2776 Scioppius.
695 2737 730 2746 -
755 2711 771 2762 3
790 2707 862 2763 stola
884 2710 925 2772 ut]
947 2722 1020 2762 corr.
1038 2721 1076 2761 ere
1093 2709 1158 2774 toga
1175 2704 1247 2760 utF
1273 2707 1357 2770 (man.
1378 2712 1414 2762 ut

254 2790 308 2849 vid.
327 2796 343 2846 2
361 2791 468 2860 Grotln).
492 2821 527 2833 ·-
550 2792 645 2856 stolae]
662 2791 757 2861 vulg,
776 2790 847 2848 stola
863 2791 897 2848 F.
923 2821 958 2832 -
983 2796 1001 2845 4
1019 2790 1106 2847 simile
1124 2805 1196 2845 eorr.
1215 2804 1254 2844 ere
1271 2787 1355 2845 simili
1373 2789 1410 2845 F.

254 2905 288 2917 -
313 2880 328 2931 6
347 2877 426 2944 Quod
443 2877 531 2942 aiunt]
548 2882 613 2932 ante
629 2875 697 2932 ttaee
712 2875 798 2948 plura
814 2876 986 2932 intercidisse
1001 2875 1098 2932 statuit
1114 2874 1253 2931 Mttller.
1279 2901 1314 2913 -
1341 2888 1412 2943 per·

254 2959 360 3023 eubuit]
386 2961 533 3028 pereubuit
558 2964 587 3016 et
611 2959 769 3032 pereupivit
793 2962 879 3031 vulg.
898 2960 1063 3033 (pereubirit
1087 2959 1128 3014 eet.
1152 2958 1280 3029 Steph.)
1306 2973 1346 3014 ese
1370 2959 1409 3014 B.

254 3043 382 3098 lasanum
399 3051 463 3100 ante
480 3044 533 3100 troo
549 3046 640 3101 vocab.
659 3044 790 3101 indicauit
807 3044 885 3117 LSp‚
911 3062 993 3116 quam
1016 3045 1057 3098 sie
1080 3044 1336 3116 appeteretur
1364 3044 1410 3101 sie

255 3126 401 3199 [periaouit
418 3131 456 3193 et]
475 3129 629 3198 pereubuit.
648 3158 682 3169 -
699 3129 881 3199 tanalogiam
898 3145 971 3184 corr.
985 3146 1023 3185 eae
1040 3127 1186 3198 analogian
1196 3128 1230 3198 F,
1248 3127 1410 3199 analogiam

254 3212 375 3271 ueteri.
403 3242 436 3253 -
464 3217 497 3269 ut
512 3213 563 3268 det.
582 3214 653 3283 LSp,
680 3217 709 3268 et
731 3215 824 3283 vulg,
851 3213 895 3270 rel
911 3213 973 3283 LSp
991 3213 1063 3269 olim.
1081 3230 1134 3286 epo
1151 3213 1259 3270 amavi
1276 3228 1338 3269 eum
1355 3229 1410 3269 ex·

254 3298 424 3355 clamatione.
442 3326 476 3337 -
495 3301 574 3353 erant
590 3298 623 3367 F,
641 3316 713 3353 eerr.
733 3299 901 3354 erolantl.
920 3314 981 3354 eom
998 3299 1030 3353 B.
1050 3330 1083 3339 -
1103 3304 1134 3355 10
1147 3299 1216 3364 fore]
1232 3295 1310 3370 ‘fort
1327 3295 1404 3353 lieri'

254 3383 326 3454 usp.
353 3414 388 3424 —
416 3386 447 3438 12
466 3382 550 3439 ouilla
566 3384 599 3452 F,
617 3399 689 3438 corr.
706 3385 795 3452 vulg.
824 3416 856 3424 —
882 3383 988 3439 bouilla
1004 3383 1038 3454 F,
1054 3400 1126 3439 corr.
1145 3385 1232 3452 vulg.
1247 3377 1314 3438 ‘sect
1330 3383 1405 3454 fort.

254 3469 325 3525 ovile
343 3510 350 3524 .
370 3507 378 3522 .
396 3465 485 3524 bouils
501 3474 532 3522 et
548 3484 635 3536 supra
651 3487 679 3540 p.
695 3473 752 3537 182,
772 3464 815 3524 18’
836 3469 905 3538 LSp.
924 3500 958 3510 —
975 3472 1041 3538 non]
1061 3469 1124 3524 edd.
1144 3469 1351 3538 Stephanus.
1370 3497 1406 3510 -

254 3557 289 3608 14
306 3553 471 3624 singularem
497 3552 621 3609 similiter
646 3553 695 3609 sed
721 3570 757 3608 ex
784 3554 902 3610 christ
928 3554 1027 3611 Philel.
1051 3554 1125 3623 XVI,
1148 3557 1207 3608 459.
1234 3552 1312 3623 eoos.
1339 3552 1404 3623 LSp

253 3637 341 3708 XVII,
360 3643 419 3694 297.
444 3667 477 3678 -
504 3644 533 3694 17
552 3638 649 3694 dierum
666 3640 748 3707 quod]
767 3639 841 3708 quod
857 3639 954 3696 dieunt
970 3642 1004 3710 B,
1021 3640 1095 3711 quod
1112 3639 1208 3694 dieunt
1225 3638 1299 3708 quod
1315 3637 1401 3707 vulg.

249 3716 331 3794 ‘fort
350 3722 397 3792 qut
415 3723 510 3778 dieunt
527 3717 613 3793 quod'
630 3723 702 3794 LSp.
723 3755 753 3763 -
775 3728 806 3778 18
823 3723 854 3778 hi
871 3730 912 3790 ea]
930 3725 976 3780 hie
993 3740 1027 3780 ea
1039 3725 1097 3794 vp.
1115 3719 1192 3794 ‘fort
1210 3718 1259 3778 iei'
1278 3721 1350 3793 LSp.
1369 3753 1404 3764 -

255 3812 288 3863 19
304 3809 456 3878 requirnnt]
475 3807 569 3878 ena,
587 3808 733 3878 requirunt
749 3808 782 3877 V,
801 3814 952 3878 sequnntur
968 3810 1007 3878 M,
1024 3811 1162 3865 Laetus.
1181 3810 1210 3864 ia
1227 3808 1251 3863 F
1268 3807 1403 3880 seraptem

254 3902 316 3949 eret
338 3894 481 3964 seqununt
505 3893 555 3949 sed
575 3893 658 3950 laius
679 3901 707 3950 et
727 3896 866 3966 sequentis
889 3896 1015 3951 vocabuli
1035 3895 1142 3950 litterae
1157 3896 1223 3951 runt
1238 3908 1254 3948 r·
1270 3908 1322 3962 pro
1339 3894 1404 3960 (me-

253 3976 328 4032 dium
345 3996 361 4034 r
378 3995 439 4035 eam
456 3980 570 4048 notula),
592 3981 655 4036 item
671 3978 791 4035 seeundo
809 3995 888 4036 oasa
906 3980 1014 4036 litterae
1036 3981 1096 4036 solit
1119 3979 1150 4034 in
1172 3978 1261 4035 uooab
1278 3983 1306 4034 et
1324 3977 1405 4034 tertio

254 4061 312 4116 BA
337 4064 420 4120 huius
445 4065 526 4120 Bar
551 4066 614 4135 sere
636 4064 741 4121 deletae
767 4082 785 4121 a
805 4066 963 4138 posteriore
986 4080 1070 4121 meaa
1091 4065 1224 4136 repetitae
1246 4067 1317 4120 aaut.
1334 4061 1405 4119 haee

254 4153 344 4202 uatem
366 4148 400 4204 de
421 4149 445 4204 F
465 4147 565 4205 Grotlr:
588 4144 755 4221 ‘requirunt
781 4151 821 4206 sio
843 4151 895 4207 vid.
920 4168 994 4208 coar.
1020 4167 1058 4206 ese
1081 4147 1158 4220 sequi
1175 4189 1182 4204 .
1202 4188 1209 4201 .
1229 4190 1236 4204 .
1256 4188 1263 4203 .
1281 4146 1331 4205 sed
1352 4149 1404 4207 vix

252 4235 344 4304 potest
361 4230 436 4304 lepi’.
456 4266 489 4275 -
506 4233 619 4304 perinde
635 4235 675 4292 M.
