<?xml version="1.0" encoding="UTF-8"?>
<!DOCTYPE html PUBLIC "-//W3C//DTD XHTML 1.0 Transitional//EN"
    "http://www.w3.org/TR/xhtml1/DTD/xhtml1-transitional.dtd">
<html xmlns="http://www.w3.org/1999/xhtml" xml:lang="en" lang="en">
 <head>
  <title>
</title>
<meta http-equiv="Content-Type" content="text/html;charset=utf-8" />
  <meta name='ocr-system' content='tesseract 3.04.00' />
  <meta name='ocr-capabilities' content='ocr_page ocr_carea ocr_par ocr_line ocrx_word'/>
</head>
<body>
  <div class='ocr_page' id='page_1' title='image "./mterentivarroni00varrgoog_0330.png"; bbox 0 0 3060 5048; ppageno 0'>
   <div class='ocr_carea' id='block_1_1' title="bbox 465 321 1263 390">
    <p class='ocr_par' dir='ltr' id='par_1_1' title="bbox 465 321 1263 390">
     <span class='ocr_line' id='line_1_1' title="bbox 465 321 1263 390; baseline 0.004 -12"><span class='ocrx_word' id='word_1_1' title='bbox 465 321 578 378; x_wconf 86' lang='lat' dir='ltr'><strong>LIBER</strong></span> <span class='ocrx_word' id='word_1_2' title='bbox 595 321 725 378; x_wconf 85' lang='lat' dir='ltr'>NONUS.</span> <span class='ocrx_word' id='word_1_3' title='bbox 762 323 922 390; x_wconf 79' lang='lat' dir='ltr'>§so-100.</span> <span class='ocrx_word' id='word_1_4' title='bbox 1202 323 1263 382; x_wconf 82' lang='lat'>229</span> 
     </span>
    </p>
   </div>
   <div class='ocr_carea' id='block_1_2' title="bbox 69 493 1416 2514">
    <p class='ocr_par' dir='ltr' id='par_1_2' title="bbox 120 493 1416 690">
     <span class='ocr_line' id='line_1_2' title="bbox 120 493 1416 582; baseline -0.002 -18"><span class='ocrx_word' id='word_1_5' title='bbox 120 503 168 564; x_wconf 89' lang='lat' dir='ltr'>est</span> <span class='ocrx_word' id='word_1_6' title='bbox 190 518 248 582; x_wconf 93' lang='lat' dir='ltr'>per</span> <span class='ocrx_word' id='word_1_7' title='bbox 277 501 421 580; x_wconf 83' lang='lat' dir='ltr'>tempora</span> <span class='ocrx_word' id='word_1_8' title='bbox 449 495 572 562; x_wconf 76' lang='lat' dir='ltr'><strong>traduci</strong></span> <span class='ocrx_word' id='word_1_9' title='bbox 600 500 720 578; x_wconf 90' lang='lat' dir='ltr'>potest,</span> <span class='ocrx_word' id='word_1_10' title='bbox 753 498 789 560; x_wconf 93' lang='lat' dir='ltr'>ut</span> <span class='ocrx_word' id='word_1_11' title='bbox 817 493 980 560; x_wconf 78' lang='lat' dir='ltr'>discebam</span> <span class='ocrx_word' id='word_1_12' title='bbox 1002 494 1099 560; x_wconf 92' lang='lat' dir='ltr'>Disco</span> <span class='ocrx_word' id='word_1_13' title='bbox 1122 493 1263 579; x_wconf 77' lang='lat' dir='ltr'>Bistam,</span> <span class='ocrx_word' id='word_1_14' title='bbox 1273 508 1347 560; x_wconf 63' lang='lat' dir='ltr'>&lt;raa</span> <span class='ocrx_word' id='word_1_15' title='bbox 1356 506 1416 561; x_wconf 71' lang='lat' dir='ltr'>snt</span> 
     </span>
     <span class='ocr_line' id='line_1_3' title="bbox 121 594 1301 690; baseline -0.004 -24"><span class='ocrx_word' id='word_1_16' title='bbox 121 605 153 666; x_wconf 90' lang='lat' dir='ltr'>et</span> <span class='ocrx_word' id='word_1_17' title='bbox 175 597 288 664; x_wconf 90' lang='lat' dir='ltr'>eadem</span> <span class='ocrx_word' id='word_1_18' title='bbox 310 597 461 683; x_wconf 90' lang='lat' dir='ltr'>perfecti,</span> <span class='ocrx_word' id='word_1_19' title='bbox 484 597 530 663; x_wconf 89' lang='lat' dir='ltr'>sio</span> <span class='ocrx_word' id='word_1_20' title='bbox 552 596 735 663; x_wconf 90' lang='lat' dir='ltr'>Didiceram</span> <span class='ocrx_word' id='word_1_21' title='bbox 757 594 865 661; x_wconf 93' lang='lat' dir='ltr'>Didici</span> <span class='ocrx_word' id='word_1_22' title='bbox 887 594 1048 662; x_wconf 88' lang='lat' dir='ltr'>Didicero.</span> <span class='ocrx_word' id='word_1_23' title='bbox 1295 672 1301 690; x_wconf 29' lang='grc' dir='ltr'><strong><em>ι</em></strong></span> 
     </span>
    </p>

    <p class='ocr_par' dir='ltr' id='par_1_3' title="bbox 123 696 1267 892">
     <span class='ocr_line' id='line_1_4' title="bbox 207 696 1267 782; baseline -0.002 -17"><span class='ocrx_word' id='word_1_24' title='bbox 207 705 256 766; x_wconf 83' lang='grc'>55.</span> <span class='ocrx_word' id='word_1_25' title='bbox 280 701 329 765; x_wconf 84' lang='lat' dir='ltr'>Ex</span> <span class='ocrx_word' id='word_1_26' title='bbox 353 719 414 781; x_wconf 92' lang='lat' dir='ltr'>quo</span> <span class='ocrx_word' id='word_1_27' title='bbox 436 698 512 764; x_wconf 90' lang='lat' dir='ltr'>licet</span> <span class='ocrx_word' id='word_1_28' title='bbox 533 699 613 766; x_wconf 90' lang='lat' dir='ltr'>scire</span> <span class='ocrx_word' id='word_1_29' title='bbox 635 699 805 766; x_wconf 88' lang='lat' dir='ltr'>verborum</span> <span class='ocrx_word' id='word_1_30' title='bbox 833 696 989 763; x_wconf 86' lang='lat' dir='ltr'>rationem</span> <span class='ocrx_word' id='word_1_31' title='bbox 1015 703 1175 782; x_wconf 81' lang='lat' dir='ltr'>constare,</span> <span class='ocrx_word' id='word_1_32' title='bbox 1209 696 1267 763; x_wconf 90' lang='lat' dir='ltr'>sed</span> 
     </span>
     <span class='ocr_line' id='line_1_5' title="bbox 123 798 1266 892; baseline -0.004 -22"><span class='ocrx_word' id='word_1_33' title='bbox 123 822 177 870; x_wconf 91' lang='lat' dir='ltr'>eos</span> <span class='ocrx_word' id='word_1_34' title='bbox 207 802 261 884; x_wconf 86' lang='lat' dir='ltr'>qui</span> <span class='ocrx_word' id='word_1_35' title='bbox 287 798 1067 892; x_wconf 37' lang='grc' dir='ltr'>1111ω..,1εωρ&lt;1111111111φω11111ω1έῌ111,</span> <span class='ocrx_word' id='word_1_36' title='bbox 1097 799 1266 877; x_wconf 74' lang='lat' dir='ltr'>inscienter</span> 
     </span>
    </p>

    <p class='ocr_par' dir='ltr' id='par_1_4' title="bbox 82 898 1370 1394">
     <span class='ocr_line' id='line_1_6' title="bbox 82 898 1370 990; baseline -0.002 -24"><span class='ocrx_word' id='word_1_37' title='bbox 82 904 159 990; x_wconf 21' lang='lat' dir='ltr'>sid,</span> <span class='ocrx_word' id='word_1_38' title='bbox 181 905 303 987; x_wconf 57' lang='lat' dir='ltr'>satem</span> <span class='ocrx_word' id='word_1_39' title='bbox 337 902 414 969; x_wconf 91' lang='lat' dir='ltr'>item</span> <span class='ocrx_word' id='word_1_40' title='bbox 442 903 515 968; x_wconf 91' lang='lat' dir='ltr'>illos</span> <span class='ocrx_word' id='word_1_41' title='bbox 544 900 598 982; x_wconf 90' lang='lat' dir='ltr'>qui</span> <span class='ocrx_word' id='word_1_42' title='bbox 626 898 861 985; x_wconf 85' lang='lat' dir='ltr'>reprehendunt</span> <span class='ocrx_word' id='word_1_43' title='bbox 890 899 976 983; x_wconf 91' lang='lat' dir='ltr'>quod</span> <span class='ocrx_word' id='word_1_44' title='bbox 1003 901 1145 968; x_wconf 91' lang='lat' dir='ltr'>dicamus</span> <span class='ocrx_word' id='word_1_45' title='bbox 1167 902 1266 968; x_wconf 90' lang='lat' dir='ltr'>Amor</span> <span class='ocrx_word' id='word_1_46' title='bbox 1288 902 1307 980; x_wconf 66' lang='grc' dir='ltr'>ξ</span> <span class='ocrx_word' id='word_1_47' title='bbox 1330 903 1370 965; x_wconf 87' lang='grc'>97</span> 
     </span>
     <span class='ocr_line' id='line_1_7' title="bbox 116 990 1265 1087; baseline -0.003 -15"><span class='ocrx_word' id='word_1_48' title='bbox 116 990 262 1072; x_wconf 64' lang='grc'>’11111101</span> <span class='ocrx_word' id='word_1_49' title='bbox 283 1005 418 1070; x_wconf 86' lang='lat' dir='ltr'>Amatus</span> <span class='ocrx_word' id='word_1_50' title='bbox 440 1023 526 1087; x_wconf 82' lang='lat' dir='ltr'>sum3</span> <span class='ocrx_word' id='word_1_51' title='bbox 559 1023 623 1070; x_wconf 95' lang='lat' dir='ltr'>non</span> <span class='ocrx_word' id='word_1_52' title='bbox 649 1003 733 1069; x_wconf 88' lang='lat' dir='ltr'>enim</span> <span class='ocrx_word' id='word_1_53' title='bbox 755 1002 903 1069; x_wconf 80' lang='lat' dir='ltr'>debuisse</span> <span class='ocrx_word' id='word_1_54' title='bbox 925 1003 958 1069; x_wconf 91' lang='lat' dir='ltr'>in</span> <span class='ocrx_word' id='word_1_55' title='bbox 979 1023 1043 1069; x_wconf 91' lang='lat' dir='ltr'>una</span> <span class='ocrx_word' id='word_1_56' title='bbox 1065 1002 1148 1070; x_wconf 91' lang='lat' dir='ltr'>serie</span> <span class='ocrx_word' id='word_1_57' title='bbox 1169 1023 1265 1069; x_wconf 92' lang='lat' dir='ltr'>unum</span> 
     </span>
     <span class='ocr_line' id='line_1_8' title="bbox 119 1104 1266 1190; baseline -0.004 -15"><span class='ocrx_word' id='word_1_58' title='bbox 119 1108 254 1175; x_wconf 90' lang='lat' dir='ltr'>verbum</span> <span class='ocrx_word' id='word_1_59' title='bbox 283 1126 353 1174; x_wconf 93' lang='lat' dir='ltr'>esse</span> <span class='ocrx_word' id='word_1_60' title='bbox 382 1105 518 1190; x_wconf 87' lang='lat' dir='ltr'>duplex,</span> <span class='ocrx_word' id='word_1_61' title='bbox 551 1124 623 1172; x_wconf 91' lang='lat' dir='ltr'>cum</span> <span class='ocrx_word' id='word_1_62' title='bbox 652 1104 715 1170; x_wconf 93' lang='lat' dir='ltr'>duo</span> <span class='ocrx_word' id='word_1_63' title='bbox 744 1105 903 1189; x_wconf 90' lang='lat' dir='ltr'>simplicia</span> <span class='ocrx_word' id='word_1_64' title='bbox 932 1111 1046 1172; x_wconf 89' lang='lat' dir='ltr'>essent.</span> <span class='ocrx_word' id='word_1_65' title='bbox 1090 1124 1195 1186; x_wconf 88' lang='lat' dir='ltr'>neque</span> <span class='ocrx_word' id='word_1_66' title='bbox 1225 1127 1266 1172; x_wconf 89' lang='lat' dir='ltr'>ex</span> 
     </span>
     <span class='ocr_line' id='line_1_9' title="bbox 120 1206 1266 1291; baseline 0 -17"><span class='ocrx_word' id='word_1_67' title='bbox 120 1207 277 1275; x_wconf 89' lang='lat' dir='ltr'>divisione</span> <span class='ocrx_word' id='word_1_68' title='bbox 299 1208 327 1274; x_wconf 93' lang='lat' dir='ltr'>si</span> <span class='ocrx_word' id='word_1_69' title='bbox 349 1207 532 1275; x_wconf 89' lang='lat' dir='ltr'>uniusmodi</span> <span class='ocrx_word' id='word_1_70' title='bbox 553 1227 655 1291; x_wconf 92' lang='lat' dir='ltr'>ponas</span> <span class='ocrx_word' id='word_1_71' title='bbox 677 1207 787 1290; x_wconf 86' lang='lat' dir='ltr'>verba,</span> <span class='ocrx_word' id='word_1_72' title='bbox 811 1206 993 1290; x_wconf 89' lang='lat' dir='ltr'>discrepant</span> <span class='ocrx_word' id='word_1_73' title='bbox 1013 1206 1095 1273; x_wconf 93' lang='lat' dir='ltr'>inter</span> <span class='ocrx_word' id='word_1_74' title='bbox 1117 1228 1166 1289; x_wconf 88' lang='lat' dir='ltr'>se;</span> <span class='ocrx_word' id='word_1_75' title='bbox 1189 1229 1266 1274; x_wconf 91' lang='lat' dir='ltr'>nam</span> 
     </span>
     <span class='ocr_line' id='line_1_10' title="bbox 119 1306 1267 1394; baseline -0.001 -19"><span class='ocrx_word' id='word_1_76' title='bbox 119 1310 238 1378; x_wconf 86' lang='lat' dir='ltr'>infecta</span> <span class='ocrx_word' id='word_1_77' title='bbox 253 1309 360 1377; x_wconf 91' lang='lat' dir='ltr'>omnia</span> <span class='ocrx_word' id='word_1_78' title='bbox 381 1309 540 1394; x_wconf 89' lang='lat' dir='ltr'>simplicia</span> <span class='ocrx_word' id='word_1_79' title='bbox 561 1308 680 1375; x_wconf 89' lang='lat' dir='ltr'>similia</span> <span class='ocrx_word' id='word_1_80' title='bbox 701 1314 783 1392; x_wconf 89' lang='lat' dir='ltr'>sunt,</span> <span class='ocrx_word' id='word_1_81' title='bbox 806 1315 838 1374; x_wconf 89' lang='lat' dir='ltr'>et</span> <span class='ocrx_word' id='word_1_82' title='bbox 859 1309 1001 1393; x_wconf 86' lang='lat' dir='ltr'>perfecta</span> <span class='ocrx_word' id='word_1_83' title='bbox 1023 1306 1163 1392; x_wconf 83' lang='lat' dir='ltr'>duplicia</span> <span class='ocrx_word' id='word_1_84' title='bbox 1185 1310 1267 1376; x_wconf 90' lang='lat' dir='ltr'>inter</span> 
     </span>
    </p>

    <p class='ocr_par' dir='ltr' id='par_1_5' title="bbox 69 1410 1416 1904">
     <span class='ocr_line' id='line_1_11' title="bbox 69 1410 1265 1496; baseline 0.002 -22"><span class='ocrx_word' id='word_1_85' title='bbox 69 1423 98 1475; x_wconf 84' lang='grc' dir='ltr'>1ο</span> <span class='ocrx_word' id='word_1_86' title='bbox 119 1431 154 1478; x_wconf 91' lang='lat' dir='ltr'>se</span> <span class='ocrx_word' id='word_1_87' title='bbox 176 1411 266 1496; x_wconf 83' lang='lat' dir='ltr'>paria</span> <span class='ocrx_word' id='word_1_88' title='bbox 292 1411 326 1477; x_wconf 91' lang='lat' dir='ltr'>in</span> <span class='ocrx_word' id='word_1_89' title='bbox 354 1411 500 1477; x_wconf 90' lang='lat' dir='ltr'>omnibus</span> <span class='ocrx_word' id='word_1_90' title='bbox 528 1410 635 1477; x_wconf 90' lang='lat' dir='ltr'>verbis</span> <span class='ocrx_word' id='word_1_91' title='bbox 662 1416 697 1475; x_wconf 89' lang='lat' dir='ltr'>ut</span> <span class='ocrx_word' id='word_1_92' title='bbox 725 1411 805 1477; x_wconf 84' lang='lat' dir='ltr'>baec</span> <span class='ocrx_word' id='word_1_93' title='bbox 831 1410 973 1476; x_wconf 90' lang='lat' dir='ltr'>Amabar</span> <span class='ocrx_word' id='word_1_94' title='bbox 993 1410 1093 1476; x_wconf 86' lang='lat' dir='ltr'>Amor</span> <span class='ocrx_word' id='word_1_95' title='bbox 1113 1410 1265 1494; x_wconf 86' lang='lat' dir='ltr'>Amabor,</span> 
     </span>
     <span class='ocr_line' id='line_1_12' title="bbox 119 1511 1365 1592; baseline -0.004 -13"><span class='ocrx_word' id='word_1_96' title='bbox 119 1515 253 1580; x_wconf 85' lang='lat' dir='ltr'>Amatus</span> <span class='ocrx_word' id='word_1_97' title='bbox 275 1563 282 1580; x_wconf 87' lang='lat'>.</span> <span class='ocrx_word' id='word_1_98' title='bbox 307 1564 315 1578; x_wconf 88' lang='lat'>.</span> <span class='ocrx_word' id='word_1_99' title='bbox 338 1533 401 1579; x_wconf 89' lang='lat' dir='ltr'>ero.</span> <span class='ocrx_word' id='word_1_100' title='bbox 459 1513 565 1592; x_wconf 79' lang='lat' dir='ltr'>Quare</span> <span class='ocrx_word' id='word_1_101' title='bbox 588 1512 664 1579; x_wconf 89' lang='lat' dir='ltr'>item</span> <span class='ocrx_word' id='word_1_102' title='bbox 685 1512 769 1578; x_wconf 90' lang='lat' dir='ltr'>male</span> <span class='ocrx_word' id='word_1_103' title='bbox 793 1512 900 1577; x_wconf 87' lang='lat' dir='ltr'>dicunt</span> <span class='ocrx_word' id='word_1_104' title='bbox 922 1512 1015 1578; x_wconf 88' lang='lat' dir='ltr'>Ferio</span> <span class='ocrx_word' id='word_1_105' title='bbox 1038 1511 1165 1577; x_wconf 83' lang='lat' dir='ltr'>Feriam</span> <span class='ocrx_word' id='word_1_106' title='bbox 1186 1513 1261 1578; x_wconf 90' lang='lat' dir='ltr'>Per·</span> <span class='ocrx_word' id='word_1_107' title='bbox 1284 1512 1303 1591; x_wconf 61' lang='grc' dir='ltr'>ὅ</span> <span class='ocrx_word' id='word_1_108' title='bbox 1325 1512 1365 1574; x_wconf 89' lang='grc'>98</span> 
     </span>
     <span class='ocr_line' id='line_1_13' title="bbox 121 1609 1416 1700; baseline -0.006 -18"><span class='ocrx_word' id='word_1_109' title='bbox 121 1615 213 1698; x_wconf 88' lang='lat' dir='ltr'>cussi,</span> <span class='ocrx_word' id='word_1_110' title='bbox 237 1613 323 1696; x_wconf 91' lang='lat' dir='ltr'>quod</span> <span class='ocrx_word' id='word_1_111' title='bbox 345 1621 393 1681; x_wconf 89' lang='lat' dir='ltr'>est</span> <span class='ocrx_word' id='word_1_112' title='bbox 415 1613 504 1697; x_wconf 94' lang='lat' dir='ltr'>ordo,</span> <span class='ocrx_word' id='word_1_113' title='bbox 526 1613 654 1679; x_wconf 82' lang='lat' dir='ltr'>Feriam</span> <span class='ocrx_word' id='word_1_114' title='bbox 677 1609 796 1700; x_wconf 71' lang='lat' dir='ltr'>[Festo]</span> <span class='ocrx_word' id='word_1_115' title='bbox 820 1614 998 1697; x_wconf 90' lang='lat' dir='ltr'>Feriebam,</span> <span class='ocrx_word' id='word_1_116' title='bbox 1020 1613 1166 1680; x_wconf 82' lang='lat' dir='ltr'>Percussi</span> <span class='ocrx_word' id='word_1_117' title='bbox 1188 1615 1416 1680; x_wconf 67' lang='lat' dir='ltr'>Per-‹psoosps</span> 
     </span>
     <span class='ocr_line' id='line_1_14' title="bbox 121 1714 1264 1800; baseline -0.002 -15"><span class='ocrx_word' id='word_1_118' title='bbox 121 1719 204 1785; x_wconf 88' lang='lat' dir='ltr'>cutio</span> <span class='ocrx_word' id='word_1_119' title='bbox 219 1716 410 1800; x_wconf 87' lang='lat' dir='ltr'>Percutiam,</span> <span class='ocrx_word' id='word_1_120' title='bbox 432 1716 478 1782; x_wconf 88' lang='lat' dir='ltr'>sio</span> <span class='ocrx_word' id='word_1_121' title='bbox 496 1714 646 1799; x_wconf 86' lang='lat' dir='ltr'>deinceps</span> <span class='ocrx_word' id='word_1_122' title='bbox 667 1715 701 1782; x_wconf 91' lang='lat' dir='ltr'>in</span> <span class='ocrx_word' id='word_1_123' title='bbox 723 1715 853 1797; x_wconf 89' lang='lat' dir='ltr'>reliquis</span> <span class='ocrx_word' id='word_1_124' title='bbox 876 1715 1071 1800; x_wconf 87' lang='lat' dir='ltr'>temporibus</span> <span class='ocrx_word' id='word_1_125' title='bbox 1094 1715 1264 1799; x_wconf 92' lang='lat' dir='ltr'>reprehen-</span> 
     </span>
     <span class='ocr_line' id='line_1_15' title="bbox 119 1817 552 1904; baseline -0.005 -19"><span class='ocrx_word' id='word_1_126' title='bbox 119 1819 209 1887; x_wconf 87' lang='lat' dir='ltr'>denti</span> <span class='ocrx_word' id='word_1_127' title='bbox 230 1817 415 1904; x_wconf 90' lang='lat' dir='ltr'>responderi</span> <span class='ocrx_word' id='word_1_128' title='bbox 438 1824 552 1902; x_wconf 90' lang='lat' dir='ltr'>potest.</span> 
     </span>
    </p>

    <p class='ocr_par' dir='ltr' id='par_1_6' title="bbox 69 1918 1367 2412">
     <span class='ocr_line' id='line_1_16' title="bbox 69 1918 1367 2012; baseline 0.001 -31"><span class='ocrx_word' id='word_1_129' title='bbox 69 1932 97 1982; x_wconf 81' lang='lat'>15</span> <span class='ocrx_word' id='word_1_130' title='bbox 206 1926 255 1986; x_wconf 80' lang='lat'>56.</span> <span class='ocrx_word' id='word_1_131' title='bbox 294 1919 449 1986; x_wconf 85' lang='lat' dir='ltr'>Similiter</span> <span class='ocrx_word' id='word_1_132' title='bbox 479 1924 586 1985; x_wconf 90' lang='lat' dir='ltr'>errant</span> <span class='ocrx_word' id='word_1_133' title='bbox 614 1919 668 1999; x_wconf 90' lang='lat' dir='ltr'>qui</span> <span class='ocrx_word' id='word_1_134' title='bbox 696 1918 806 1984; x_wconf 88' lang='lat' dir='ltr'>dieunt</span> <span class='ocrx_word' id='word_1_135' title='bbox 835 1938 876 1985; x_wconf 89' lang='lat' dir='ltr'>ex</span> <span class='ocrx_word' id='word_1_136' title='bbox 898 1924 1032 2012; x_wconf 86' lang='lat' dir='ltr'>utraque</span> <span class='ocrx_word' id='word_1_137' title='bbox 1053 1925 1144 2004; x_wconf 90' lang='lat' dir='ltr'>parte</span> <span class='ocrx_word' id='word_1_138' title='bbox 1165 1921 1265 1986; x_wconf 87' lang='lat' dir='ltr'>verba</span> <span class='ocrx_word' id='word_1_139' title='bbox 1286 1921 1305 2000; x_wconf 63' lang='grc' dir='ltr'><strong>ἕ</strong></span> <span class='ocrx_word' id='word_1_140' title='bbox 1327 1921 1367 1982; x_wconf 93' lang='grc'>99</span> 
     </span>
     <span class='ocr_line' id='line_1_17' title="bbox 120 2021 1265 2105; baseline -0.001 -16"><span class='ocrx_word' id='word_1_141' title='bbox 120 2022 227 2089; x_wconf 91' lang='lat' dir='ltr'>omnia</span> <span class='ocrx_word' id='word_1_142' title='bbox 249 2028 444 2088; x_wconf 86' lang='lat' dir='ltr'>commutare</span> <span class='ocrx_word' id='word_1_143' title='bbox 466 2021 609 2105; x_wconf 90' lang='lat' dir='ltr'>syllabas</span> <span class='ocrx_word' id='word_1_144' title='bbox 632 2024 778 2103; x_wconf 89' lang='lat' dir='ltr'>oportere</span> <span class='ocrx_word' id='word_1_145' title='bbox 800 2026 855 2086; x_wconf 89' lang='lat' dir='ltr'>aut</span> <span class='ocrx_word' id='word_1_146' title='bbox 876 2021 1007 2103; x_wconf 91' lang='lat' dir='ltr'>nullum,</span> <span class='ocrx_word' id='word_1_147' title='bbox 1030 2022 1063 2086; x_wconf 90' lang='lat' dir='ltr'>in</span> <span class='ocrx_word' id='word_1_148' title='bbox 1084 2023 1136 2087; x_wconf 90' lang='lat' dir='ltr'>his</span> <span class='ocrx_word' id='word_1_149' title='bbox 1155 2022 1265 2104; x_wconf 80' lang='lat' dir='ltr'>Pungo</span> 
     </span>
     <span class='ocr_line' id='line_1_18' title="bbox 119 2121 1266 2208; baseline -0.003 -18"><span class='ocrx_word' id='word_1_150' title='bbox 119 2125 265 2207; x_wconf 86' lang='lat' dir='ltr'>Pungam</span> <span class='ocrx_word' id='word_1_151' title='bbox 297 2122 438 2208; x_wconf 86' lang='lat' dir='ltr'>Pupugi,</span> <span class='ocrx_word' id='word_1_152' title='bbox 475 2122 589 2188; x_wconf 86' lang='lat' dir='ltr'>Tundo</span> <span class='ocrx_word' id='word_1_153' title='bbox 622 2121 771 2188; x_wconf 85' lang='lat' dir='ltr'>Tundam</span> <span class='ocrx_word' id='word_1_154' title='bbox 803 2121 937 2205; x_wconf 79' lang='lat' dir='ltr'>Tutudi3</span> <span class='ocrx_word' id='word_1_155' title='bbox 977 2122 1145 2188; x_wconf 90' lang='lat' dir='ltr'>dissimilia</span> <span class='ocrx_word' id='word_1_156' title='bbox 1181 2123 1266 2187; x_wconf 93' lang='lat' dir='ltr'>enim</span> 
     </span>
     <span class='ocr_line' id='line_1_19' title="bbox 120 2222 1265 2311; baseline -0.003 -19"><span class='ocrx_word' id='word_1_157' title='bbox 120 2227 302 2311; x_wconf 87' lang='lat' dir='ltr'>conferunt,</span> <span class='ocrx_word' id='word_1_158' title='bbox 334 2227 435 2293; x_wconf 88' lang='lat' dir='ltr'>verba</span> <span class='ocrx_word' id='word_1_159' title='bbox 456 2224 563 2292; x_wconf 89' lang='lat' dir='ltr'>infecti</span> <span class='ocrx_word' id='word_1_160' title='bbox 586 2244 655 2290; x_wconf 93' lang='lat' dir='ltr'>cum</span> <span class='ocrx_word' id='word_1_161' title='bbox 679 2223 820 2308; x_wconf 88' lang='lat' dir='ltr'>perfecti.</span> <span class='ocrx_word' id='word_1_162' title='bbox 865 2223 958 2302; x_wconf 81' lang='lat' dir='ltr'>Quod</span> <span class='ocrx_word' id='word_1_163' title='bbox 980 2224 1008 2291; x_wconf 92' lang='lat' dir='ltr'>si</span> <span class='ocrx_word' id='word_1_164' title='bbox 1029 2224 1148 2289; x_wconf 86' lang='lat' dir='ltr'>infecta</span> <span class='ocrx_word' id='word_1_165' title='bbox 1168 2222 1265 2289; x_wconf 94' lang='lat' dir='ltr'>modo</span> 
     </span>
     <span class='ocr_line' id='line_1_20' title="bbox 120 2316 1265 2412; baseline -0.003 -19"><span class='ocrx_word' id='word_1_166' title='bbox 120 2316 312 2412; x_wconf 84' lang='lat' dir='ltr'>conferrent,</span> <span class='ocrx_word' id='word_1_167' title='bbox 347 2326 453 2396; x_wconf 89' lang='lat' dir='ltr'>omnia</span> <span class='ocrx_word' id='word_1_168' title='bbox 480 2326 571 2393; x_wconf 87' lang='lat' dir='ltr'>verbi</span> <span class='ocrx_word' id='word_1_169' title='bbox 599 2324 755 2410; x_wconf 85' lang='lat' dir='ltr'>principia</span> <span class='ocrx_word' id='word_1_170' title='bbox 776 2325 1049 2392; x_wconf 89' lang='lat' dir='ltr'>incommutabilia</span> <span class='ocrx_word' id='word_1_171' title='bbox 1070 2322 1265 2408; x_wconf 88' lang='lat' dir='ltr'>viderentur,</span> 
     </span>
    </p>

    <p class='ocr_par' dir='ltr' id='par_1_7' title="bbox 69 2429 1266 2514">
     <span class='ocr_line' id='line_1_21' title="bbox 69 2429 1266 2514; baseline 0.001 -23"><span class='ocrx_word' id='word_1_172' title='bbox 69 2441 98 2491; x_wconf 82' lang='lat'>20</span> <span class='ocrx_word' id='word_1_173' title='bbox 120 2436 155 2495; x_wconf 89' lang='lat' dir='ltr'>ut</span> <span class='ocrx_word' id='word_1_174' title='bbox 183 2431 216 2495; x_wconf 91' lang='lat' dir='ltr'>in</span> <span class='ocrx_word' id='word_1_175' title='bbox 246 2430 296 2495; x_wconf 93' lang='lat' dir='ltr'>bis</span> <span class='ocrx_word' id='word_1_176' title='bbox 324 2430 511 2514; x_wconf 86' lang='lat' dir='ltr'>Pungebam</span> <span class='ocrx_word' id='word_1_177' title='bbox 539 2430 651 2512; x_wconf 84' lang='lat' dir='ltr'>Pungo</span> <span class='ocrx_word' id='word_1_178' title='bbox 680 2429 826 2509; x_wconf 85' lang='lat' dir='ltr'>Pungam</span> <span class='ocrx_word' id='word_1_179' title='bbox 856 2432 887 2493; x_wconf 91' lang='lat' dir='ltr'>et</span> <span class='ocrx_word' id='word_1_180' title='bbox 916 2433 1026 2494; x_wconf 88' lang='lat' dir='ltr'>contra</span> <span class='ocrx_word' id='word_1_181' title='bbox 1056 2446 1096 2493; x_wconf 88' lang='lat' dir='ltr'>ex</span> <span class='ocrx_word' id='word_1_182' title='bbox 1130 2431 1266 2507; x_wconf 85' lang='lat' dir='ltr'>utraque</span> 
     </span>
    </p>
   </div>
   <div class='ocr_carea' id='block_1_3' title="bbox 119 2527 1391 2921">
    <p class='ocr_par' dir='ltr' id='par_1_8' title="bbox 119 2527 1265 2718">
     <span class='ocr_line' id='line_1_22' title="bbox 120 2527 1265 2616; baseline -0.003 -19"><span class='ocrx_word' id='word_1_183' title='bbox 120 2537 211 2615; x_wconf 89' lang='lat' dir='ltr'>parte</span> <span class='ocrx_word' id='word_1_184' title='bbox 232 2532 486 2615; x_wconf 85' lang='lat' dir='ltr'>commutabilia,</span> <span class='ocrx_word' id='word_1_185' title='bbox 512 2530 540 2598; x_wconf 94' lang='lat' dir='ltr'>si</span> <span class='ocrx_word' id='word_1_186' title='bbox 561 2531 704 2614; x_wconf 86' lang='lat' dir='ltr'>perfecta</span> <span class='ocrx_word' id='word_1_187' title='bbox 725 2534 894 2613; x_wconf 90' lang='lat' dir='ltr'>ponerent,</span> <span class='ocrx_word' id='word_1_188' title='bbox 923 2536 958 2616; x_wconf 89' lang='lat' dir='ltr'>ut</span> <span class='ocrx_word' id='word_1_189' title='bbox 980 2531 1184 2613; x_wconf 85' lang='lat' dir='ltr'>Pupugeram</span> <span class='ocrx_word' id='word_1_190' title='bbox 1204 2527 1265 2594; x_wconf 93' lang='lat' dir='ltr'>Pu·</span> 
     </span>
     <span class='ocr_line' id='line_1_23' title="bbox 119 2634 395 2718; baseline 0 -19"><span class='ocrx_word' id='word_1_191' title='bbox 119 2634 197 2718; x_wconf 84' lang='lat' dir='ltr'>pugi</span> <span class='ocrx_word' id='word_1_192' title='bbox 217 2634 395 2718; x_wconf 85' lang='lat' dir='ltr'>Pupugero.</span> 
     </span>
    </p>

    <p class='ocr_par' dir='ltr' id='par_1_9' title="bbox 119 2731 1391 2921">
     <span class='ocr_line' id='line_1_24' title="bbox 206 2731 1391 2816; baseline -0.001 -17"><span class='ocrx_word' id='word_1_193' title='bbox 206 2740 255 2800; x_wconf 85' lang='lat'>57.</span> <span class='ocrx_word' id='word_1_194' title='bbox 292 2734 374 2802; x_wconf 91' lang='lat' dir='ltr'>Item</span> <span class='ocrx_word' id='word_1_195' title='bbox 402 2735 487 2799; x_wconf 92' lang='lat' dir='ltr'>male</span> <span class='ocrx_word' id='word_1_196' title='bbox 517 2733 680 2800; x_wconf 85' lang='lat' dir='ltr'>conferunt</span> <span class='ocrx_word' id='word_1_197' title='bbox 709 2732 768 2798; x_wconf 93' lang='lat' dir='ltr'>Fui</span> <span class='ocrx_word' id='word_1_198' title='bbox 798 2732 876 2798; x_wconf 86' lang='lat' dir='ltr'>Sum</span> <span class='ocrx_word' id='word_1_199' title='bbox 898 2732 976 2815; x_wconf 85' lang='lat' dir='ltr'>Ero,</span> <span class='ocrx_word' id='word_1_200' title='bbox 1011 2731 1096 2816; x_wconf 91' lang='lat' dir='ltr'>quod</span> <span class='ocrx_word' id='word_1_201' title='bbox 1125 2731 1185 2798; x_wconf 92' lang='lat' dir='ltr'>Fui</span> <span class='ocrx_word' id='word_1_202' title='bbox 1217 2733 1306 2812; x_wconf 75' lang='lat' dir='ltr'>est§</span> <span class='ocrx_word' id='word_1_203' title='bbox 1332 2736 1391 2798; x_wconf 89' lang='lat'>100</span> 
     </span>
     <span class='ocr_line' id='line_1_25' title="bbox 119 2828 1263 2921; baseline -0.003 -17"><span class='ocrx_word' id='word_1_204' title='bbox 119 2838 309 2921; x_wconf 86' lang='lat' dir='ltr'>perfectum,</span> <span class='ocrx_word' id='word_1_205' title='bbox 333 2835 421 2902; x_wconf 84' lang='lat' dir='ltr'>ouius</span> <span class='ocrx_word' id='word_1_206' title='bbox 442 2834 542 2901; x_wconf 88' lang='lat' dir='ltr'>series</span> <span class='ocrx_word' id='word_1_207' title='bbox 568 2833 646 2919; x_wconf 86' lang='lat' dir='ltr'>sibi,</span> <span class='ocrx_word' id='word_1_208' title='bbox 679 2839 714 2900; x_wconf 91' lang='lat' dir='ltr'>ut</span> <span class='ocrx_word' id='word_1_209' title='bbox 736 2832 845 2918; x_wconf 92' lang='lat' dir='ltr'>debet,</span> <span class='ocrx_word' id='word_1_210' title='bbox 875 2833 908 2899; x_wconf 96' lang='lat' dir='ltr'>in</span> <span class='ocrx_word' id='word_1_211' title='bbox 930 2833 1076 2900; x_wconf 93' lang='lat' dir='ltr'>omnibus</span> <span class='ocrx_word' id='word_1_212' title='bbox 1099 2828 1263 2919; x_wconf 84' lang='lat' dir='ltr'>[personis]</span> 
     </span>
    </p>
   </div>
   <div class='ocr_carea' id='block_1_4' title="bbox 113 2996 1265 4343">
    <p class='ocr_par' dir='ltr' id='par_1_10' title="bbox 113 2996 1265 4343">
     <span class='ocr_line' id='line_1_26' title="bbox 204 2996 1263 3073; baseline 0 -15"><span class='ocrx_word' id='word_1_213' title='bbox 204 3009 216 3058; x_wconf 88' lang='lat'>1</span> <span class='ocrx_word' id='word_1_214' title='bbox 236 3005 336 3073; x_wconf 86' lang='lat' dir='ltr'>potest]</span> <span class='ocrx_word' id='word_1_215' title='bbox 353 3019 404 3073; x_wconf 86' lang='lat' dir='ltr'>par</span> <span class='ocrx_word' id='word_1_216' title='bbox 422 3005 464 3058; x_wconf 90' lang='lat' dir='ltr'>est</span> <span class='ocrx_word' id='word_1_217' title='bbox 482 3001 611 3057; x_wconf 79' lang='lat' dir='ltr'>Christ.</span> <span class='ocrx_word' id='word_1_218' title='bbox 635 3030 669 3038; x_wconf 95' lang='lat'>-</span> <span class='ocrx_word' id='word_1_219' title='bbox 693 3005 724 3055; x_wconf 91' lang='lat' dir='ltr'>ut</span> <span class='ocrx_word' id='word_1_220' title='bbox 741 3000 888 3065; x_wconf 87' lang='lat' dir='ltr'>discebam]</span> <span class='ocrx_word' id='word_1_221' title='bbox 913 2996 994 3070; x_wconf 79' lang='lat' dir='ltr'>‘fort</span> <span class='ocrx_word' id='word_1_222' title='bbox 1012 3005 1043 3057; x_wconf 86' lang='lat' dir='ltr'>ut</span> <span class='ocrx_word' id='word_1_223' title='bbox 1060 3001 1157 3057; x_wconf 85' lang='lat' dir='ltr'>infecti</span> <span class='ocrx_word' id='word_1_224' title='bbox 1174 3002 1263 3058; x_wconf 87' lang='lat' dir='ltr'>disce·</span> 
     </span>
     <span class='ocr_line' id='line_1_27' title="bbox 117 3082 1263 3159; baseline -0.002 -17"><span class='ocrx_word' id='word_1_225' title='bbox 117 3082 194 3142; x_wconf 85' lang='lat' dir='ltr'>bam&#39;</span> <span class='ocrx_word' id='word_1_226' title='bbox 221 3088 292 3157; x_wconf 87' lang='lat' dir='ltr'>LSp.</span> <span class='ocrx_word' id='word_1_227' title='bbox 317 3087 413 3143; x_wconf 85' lang='lat' dir='ltr'>inlecti</span> <span class='ocrx_word' id='word_1_228' title='bbox 429 3093 497 3159; x_wconf 80' lang='lat' dir='ltr'>post</span> <span class='ocrx_word' id='word_1_229' title='bbox 519 3090 642 3156; x_wconf 76' lang='lat' dir='ltr'>temporo</span> <span class='ocrx_word' id='word_1_230' title='bbox 665 3085 742 3139; x_wconf 79' lang='lat' dir='ltr'>addit</span> <span class='ocrx_word' id='word_1_231' title='bbox 766 3085 889 3140; x_wconf 81' lang='lat' dir='ltr'>Christ.</span> <span class='ocrx_word' id='word_1_232' title='bbox 913 3116 947 3125; x_wconf 96' lang='lat'>—</span> <span class='ocrx_word' id='word_1_233' title='bbox 974 3090 988 3140; x_wconf 89' lang='lat'>3</span> <span class='ocrx_word' id='word_1_234' title='bbox 1007 3087 1113 3142; x_wconf 89' lang='lat' dir='ltr'>ratione</span> <span class='ocrx_word' id='word_1_235' title='bbox 1131 3087 1163 3155; x_wconf 89' lang='lat' dir='ltr'>F,</span> <span class='ocrx_word' id='word_1_236' title='bbox 1191 3103 1263 3143; x_wconf 84' lang='lat' dir='ltr'>corr.</span> 
     </span>
     <span class='ocr_line' id='line_1_28' title="bbox 117 3169 1265 3242; baseline -0.002 -14"><span class='ocrx_word' id='word_1_237' title='bbox 117 3174 203 3242; x_wconf 82' lang='lat' dir='ltr'>vulg.</span> <span class='ocrx_word' id='word_1_238' title='bbox 232 3203 263 3211; x_wconf 91' lang='lat'>—</span> <span class='ocrx_word' id='word_1_239' title='bbox 292 3173 487 3237; x_wconf 71' lang='lat' dir='ltr'>tinscienter]</span> <span class='ocrx_word' id='word_1_240' title='bbox 517 3172 594 3241; x_wconf 87' lang='lat' dir='ltr'>LSp,</span> <span class='ocrx_word' id='word_1_241' title='bbox 623 3169 755 3237; x_wconf 81' lang='lat' dir='ltr'>Christ,</span> <span class='ocrx_word' id='word_1_242' title='bbox 783 3169 900 3225; x_wconf 86' lang='lat' dir='ltr'>scienter</span> <span class='ocrx_word' id='word_1_243' title='bbox 930 3172 962 3226; x_wconf 88' lang='lat' dir='ltr'>F.</span> <span class='ocrx_word' id='word_1_244' title='bbox 995 3172 1143 3228; x_wconf 83' lang='lat' dir='ltr'>inscienter</span> <span class='ocrx_word' id='word_1_245' title='bbox 1173 3172 1265 3228; x_wconf 87' lang='lat' dir='ltr'>facere</span> 
     </span>
     <span class='ocr_line' id='line_1_29' title="bbox 119 3254 1265 3326; baseline -0.002 -15"><span class='ocrx_word' id='word_1_246' title='bbox 119 3256 147 3311; x_wconf 79' lang='lat' dir='ltr'>(l.</span> <span class='ocrx_word' id='word_1_247' title='bbox 172 3258 204 3310; x_wconf 93' lang='lat' dir='ltr'>F.</span> <span class='ocrx_word' id='word_1_248' title='bbox 229 3257 273 3311; x_wconf 91' lang='lat' dir='ltr'>W.</span> <span class='ocrx_word' id='word_1_249' title='bbox 298 3257 425 3311; x_wconf 77' lang='lat' dir='ltr'>Muller</span> <span class='ocrx_word' id='word_1_250' title='bbox 450 3273 477 3326; x_wconf 93' lang='lat' dir='ltr'>p.</span> <span class='ocrx_word' id='word_1_251' title='bbox 501 3261 559 3311; x_wconf 85' lang='lat'>423.</span> <span class='ocrx_word' id='word_1_252' title='bbox 585 3287 619 3295; x_wconf 95' lang='lat'>-</span> <span class='ocrx_word' id='word_1_253' title='bbox 648 3262 662 3310; x_wconf 88' lang='lat'>5</span> <span class='ocrx_word' id='word_1_254' title='bbox 685 3255 759 3319; x_wconf 84' lang='lat' dir='ltr'>item}</span> <span class='ocrx_word' id='word_1_255' title='bbox 782 3254 854 3308; x_wconf 88' lang='lat' dir='ltr'>idem</span> <span class='ocrx_word' id='word_1_256' title='bbox 874 3256 907 3323; x_wconf 91' lang='lat' dir='ltr'>F,</span> <span class='ocrx_word' id='word_1_257' title='bbox 934 3271 1005 3310; x_wconf 85' lang='lat' dir='ltr'>corr.</span> <span class='ocrx_word' id='word_1_258' title='bbox 1028 3258 1112 3325; x_wconf 85' lang='lat' dir='ltr'>vulg.</span> <span class='ocrx_word' id='word_1_259' title='bbox 1140 3287 1174 3295; x_wconf 89' lang='lat'><strong>—</strong></span> <span class='ocrx_word' id='word_1_260' title='bbox 1200 3256 1265 3311; x_wconf 87' lang='lat' dir='ltr'>item</span> 
     </span>
     <span class='ocr_line' id='line_1_30' title="bbox 118 3339 1264 3410; baseline 0.003 -18"><span class='ocrx_word' id='word_1_261' title='bbox 118 3340 186 3393; x_wconf 91' lang='lat' dir='ltr'>illud</span> <span class='ocrx_word' id='word_1_262' title='bbox 203 3341 406 3409; x_wconf 87' lang='lat' dir='ltr'>reprehendunt</span> <span class='ocrx_word' id='word_1_263' title='bbox 423 3341 556 3396; x_wconf 80' lang='lat' dir='ltr'>Muller.</span> <span class='ocrx_word' id='word_1_264' title='bbox 575 3372 609 3380; x_wconf 95' lang='lat'>-</span> <span class='ocrx_word' id='word_1_265' title='bbox 628 3346 657 3395; x_wconf 87' lang='lat'>11</span> <span class='ocrx_word' id='word_1_266' title='bbox 672 3343 778 3396; x_wconf 85' lang='lat' dir='ltr'>amatus</span> <span class='ocrx_word' id='word_1_267' title='bbox 792 3380 798 3392; x_wconf 93' lang='lat'>.</span> <span class='ocrx_word' id='word_1_268' title='bbox 812 3380 818 3392; x_wconf 92' lang='lat'>.</span> <span class='ocrx_word' id='word_1_269' title='bbox 831 3345 887 3403; x_wconf 86' lang='lat' dir='ltr'>ero]</span> <span class='ocrx_word' id='word_1_270' title='bbox 905 3339 1030 3394; x_wconf 83' lang='lat' dir='ltr'>lacunam</span> <span class='ocrx_word' id='word_1_271' title='bbox 1049 3340 1264 3410; x_wconf 79' lang='lat' dir='ltr'>tndtcaottLSp3</span> 
     </span>
     <span class='ocr_line' id='line_1_31' title="bbox 119 3423 1264 3498; baseline 0.001 -21"><span class='ocrx_word' id='word_1_272' title='bbox 119 3426 225 3477; x_wconf 85' lang='lat' dir='ltr'>amatus</span> <span class='ocrx_word' id='word_1_273' title='bbox 243 3438 317 3478; x_wconf 86' lang='lat' dir='ltr'>eram</span> <span class='ocrx_word' id='word_1_274' title='bbox 335 3440 394 3479; x_wconf 90' lang='lat' dir='ltr'>sum</span> <span class='ocrx_word' id='word_1_275' title='bbox 411 3441 459 3480; x_wconf 90' lang='lat' dir='ltr'>ero</span> <span class='ocrx_word' id='word_1_276' title='bbox 471 3426 599 3480; x_wconf 80' lang='lat' dir='ltr'>Muller.</span> <span class='ocrx_word' id='word_1_277' title='bbox 617 3423 697 3495; x_wconf 79' lang='lat' dir='ltr'>‘fort</span> <span class='ocrx_word' id='word_1_278' title='bbox 710 3428 845 3498; x_wconf 74' lang='lat' dir='ltr'>iateqrum</span> <span class='ocrx_word' id='word_1_279' title='bbox 857 3424 966 3481; x_wconf 82' lang='lat' dir='ltr'>verbum</span> <span class='ocrx_word' id='word_1_280' title='bbox 982 3424 1041 3494; x_wconf 80' lang='lat' dir='ltr'>fuit</span> <span class='ocrx_word' id='word_1_281' title='bbox 1057 3428 1163 3480; x_wconf 78' lang='lat' dir='ltr'>amatus</span> <span class='ocrx_word' id='word_1_282' title='bbox 1182 3440 1264 3492; x_wconf 87' lang='lat' dir='ltr'>eram,</span> 
     </span>
     <span class='ocr_line' id='line_1_32' title="bbox 119 3509 1265 3582; baseline 0 -20"><span class='ocrx_word' id='word_1_283' title='bbox 119 3510 225 3562; x_wconf 86' lang='lat' dir='ltr'>amatus</span> <span class='ocrx_word' id='word_1_284' title='bbox 244 3521 316 3574; x_wconf 92' lang='lat' dir='ltr'>sum,</span> <span class='ocrx_word' id='word_1_285' title='bbox 344 3513 449 3565; x_wconf 76' lang='lat' dir='ltr'>amotus</span> <span class='ocrx_word' id='word_1_286' title='bbox 474 3509 532 3565; x_wconf 89' lang='lat' dir='ltr'>ero‘</span> <span class='ocrx_word' id='word_1_287' title='bbox 552 3511 622 3580; x_wconf 86' lang='lat' dir='ltr'>LSp.</span> <span class='ocrx_word' id='word_1_288' title='bbox 649 3541 682 3550; x_wconf 93' lang='lat'>—-</span> <span class='ocrx_word' id='word_1_289' title='bbox 709 3511 833 3582; x_wconf 88' lang='lat' dir='ltr'>percussi</span> <span class='ocrx_word' id='word_1_290' title='bbox 851 3527 922 3566; x_wconf 85' lang='lat' dir='ltr'>corr.</span> <span class='ocrx_word' id='word_1_291' title='bbox 941 3526 979 3564; x_wconf 79' lang='lat' dir='ltr'>cx</span> <span class='ocrx_word' id='word_1_292' title='bbox 995 3509 1116 3578; x_wconf 80' lang='lat' dir='ltr'>percussi</span> <span class='ocrx_word' id='word_1_293' title='bbox 1133 3509 1156 3562; x_wconf 91' lang='lat' dir='ltr'>F</span> <span class='ocrx_word' id='word_1_294' title='bbox 1175 3509 1265 3574; x_wconf 88' lang='lat' dir='ltr'>(Keil),</span> 
     </span>
     <span class='ocr_line' id='line_1_33' title="bbox 119 3591 1264 3663; baseline -0.002 -16"><span class='ocrx_word' id='word_1_295' title='bbox 119 3607 189 3647; x_wconf 84' lang='lat' dir='ltr'>corr.</span> <span class='ocrx_word' id='word_1_296' title='bbox 208 3608 245 3647; x_wconf 79' lang='lat' dir='ltr'>ex</span> <span class='ocrx_word' id='word_1_297' title='bbox 266 3591 385 3660; x_wconf 89' lang='lat' dir='ltr'>perfussi</span> <span class='ocrx_word' id='word_1_298' title='bbox 401 3594 425 3647; x_wconf 89' lang='lat' dir='ltr'>F</span> <span class='ocrx_word' id='word_1_299' title='bbox 444 3594 560 3661; x_wconf 77' lang='lat' dir='ltr'>(droth).</span> <span class='ocrx_word' id='word_1_300' title='bbox 586 3625 619 3634; x_wconf 94' lang='lat'><em>-</em></span> <span class='ocrx_word' id='word_1_301' title='bbox 647 3599 679 3648; x_wconf 82' lang='lat'>12</span> <span class='ocrx_word' id='word_1_302' title='bbox 697 3595 775 3663; x_wconf 82' lang='lat' dir='ltr'>ferio]</span> <span class='ocrx_word' id='word_1_303' title='bbox 800 3595 906 3650; x_wconf 80' lang='lat' dir='ltr'>addidit</span> <span class='ocrx_word' id='word_1_304' title='bbox 928 3594 1045 3648; x_wconf 87' lang='lat' dir='ltr'>Aldus.</span> <span class='ocrx_word' id='word_1_305' title='bbox 1071 3623 1105 3631; x_wconf 93' lang='lat'><em>-</em></span> <span class='ocrx_word' id='word_1_306' title='bbox 1131 3592 1264 3662; x_wconf 88' lang='lat' dir='ltr'>percussi]</span> 
     </span>
     <span class='ocr_line' id='line_1_34' title="bbox 119 3678 1264 3752; baseline -0.002 -20"><span class='ocrx_word' id='word_1_307' title='bbox 119 3681 147 3732; x_wconf 90' lang='lat' dir='ltr'>et</span> <span class='ocrx_word' id='word_1_308' title='bbox 170 3678 234 3732; x_wconf 88' lang='lat' dir='ltr'>item</span> <span class='ocrx_word' id='word_1_309' title='bbox 257 3678 381 3745; x_wconf 87' lang='lat' dir='ltr'>percussi</span> <span class='ocrx_word' id='word_1_310' title='bbox 397 3679 483 3747; x_wconf 83' lang='lat' dir='ltr'>vulg.</span> <span class='ocrx_word' id='word_1_311' title='bbox 510 3709 545 3719; x_wconf 94' lang='lat'>-</span> <span class='ocrx_word' id='word_1_312' title='bbox 569 3680 693 3748; x_wconf 87' lang='lat' dir='ltr'>percutio</span> <span class='ocrx_word' id='word_1_313' title='bbox 710 3682 873 3752; x_wconf 78' lang='lat' dir='ltr'>percutiam]</span> <span class='ocrx_word' id='word_1_314' title='bbox 898 3693 1057 3749; x_wconf 88' lang='lat' dir='ltr'>percussero</span> <span class='ocrx_word' id='word_1_315' title='bbox 1076 3692 1264 3747; x_wconf 86' lang='lat' dir='ltr'>percusseram</span> 
     </span>
     <span class='ocr_line' id='line_1_35' title="bbox 117 3758 1263 3833; baseline -0.003 -15"><span class='ocrx_word' id='word_1_316' title='bbox 117 3762 247 3818; x_wconf 82' lang='lat' dir='ltr'>Mdllsr.</span> <span class='ocrx_word' id='word_1_317' title='bbox 273 3758 350 3832; x_wconf 78' lang='lat' dir='ltr'>‘fort</span> <span class='ocrx_word' id='word_1_318' title='bbox 373 3764 445 3832; x_wconf 87' lang='lat' dir='ltr'>quod</span> <span class='ocrx_word' id='word_1_319' title='bbox 469 3767 511 3820; x_wconf 89' lang='lat' dir='ltr'>est</span> <span class='ocrx_word' id='word_1_320' title='bbox 535 3765 600 3820; x_wconf 89' lang='lat' dir='ltr'>ordo</span> <span class='ocrx_word' id='word_1_321' title='bbox 624 3764 755 3820; x_wconf 78' lang='lat' dir='ltr'>feriebam</span> <span class='ocrx_word' id='word_1_322' title='bbox 772 3765 840 3821; x_wconf 87' lang='lat' dir='ltr'>ferio</span> <span class='ocrx_word' id='word_1_323' title='bbox 859 3764 968 3833; x_wconf 86' lang='lat' dir='ltr'>leriam,</span> <span class='ocrx_word' id='word_1_324' title='bbox 995 3778 1183 3832; x_wconf 90' lang='lat' dir='ltr'>percusseram</span> <span class='ocrx_word' id='word_1_325' title='bbox 1200 3777 1263 3831; x_wconf 90' lang='lat' dir='ltr'>per-</span> 
     </span>
     <span class='ocr_line' id='line_1_36' title="bbox 119 3843 1263 3928; baseline -0.001 -25"><span class='ocrx_word' id='word_1_326' title='bbox 119 3848 192 3903; x_wconf 91' lang='lat' dir='ltr'>cussi</span> <span class='ocrx_word' id='word_1_327' title='bbox 208 3844 379 3917; x_wconf 87' lang='lat' dir='ltr'>percussero’</span> <span class='ocrx_word' id='word_1_328' title='bbox 398 3849 470 3917; x_wconf 87' lang='lat' dir='ltr'>LSp.</span> <span class='ocrx_word' id='word_1_329' title='bbox 489 3880 522 3888; x_wconf 89' lang='lat'><em>-</em></span> <span class='ocrx_word' id='word_1_330' title='bbox 543 3853 573 3904; x_wconf 85' lang='lat'>13</span> <span class='ocrx_word' id='word_1_331' title='bbox 587 3843 766 3928; x_wconf 78' lang='lat' dir='ltr'>‘temporibus</span> <span class='ocrx_word' id='word_1_332' title='bbox 788 3849 857 3918; x_wconf 83' lang='lat' dir='ltr'>fort.</span> <span class='ocrx_word' id='word_1_333' title='bbox 875 3845 939 3904; x_wconf 77' lang='lat' dir='ltr'>det’</span> <span class='ocrx_word' id='word_1_334' title='bbox 958 3849 1029 3918; x_wconf 87' lang='lat' dir='ltr'>LSp.</span> <span class='ocrx_word' id='word_1_335' title='bbox 1057 3879 1089 3886; x_wconf 96' lang='lat'>—</span> <span class='ocrx_word' id='word_1_336' title='bbox 1119 3851 1149 3902; x_wconf 84' lang='lat'>18</span> <span class='ocrx_word' id='word_1_337' title='bbox 1167 3845 1263 3902; x_wconf 86' lang='lat' dir='ltr'>infecti</span> 
     </span>
     <span class='ocr_line' id='line_1_37' title="bbox 118 3929 1262 4003; baseline -0.003 -15"><span class='ocrx_word' id='word_1_338' title='bbox 118 3948 179 3988; x_wconf 89' lang='lat' dir='ltr'>enm</span> <span class='ocrx_word' id='word_1_339' title='bbox 197 3932 323 4002; x_wconf 84' lang='lat' dir='ltr'>perlecti]</span> <span class='ocrx_word' id='word_1_340' title='bbox 343 3932 419 4002; x_wconf 86' lang='lat' dir='ltr'>LSp,</span> <span class='ocrx_word' id='word_1_341' title='bbox 439 3933 536 3990; x_wconf 88' lang='lat' dir='ltr'>infecti</span> <span class='ocrx_word' id='word_1_342' title='bbox 553 3949 614 3988; x_wconf 89' lang='lat' dir='ltr'>oum</span> <span class='ocrx_word' id='word_1_343' title='bbox 631 3935 760 4002; x_wconf 87' lang='lat' dir='ltr'>perlectis</span> <span class='ocrx_word' id='word_1_344' title='bbox 777 3933 810 3988; x_wconf 87' lang='lat' dir='ltr'>F.</span> <span class='ocrx_word' id='word_1_345' title='bbox 828 3965 862 3974; x_wconf 92' lang='lat'><em>-</em></span> <span class='ocrx_word' id='word_1_346' title='bbox 879 3929 958 4003; x_wconf 79' lang='lat' dir='ltr'>‘sort</span> <span class='ocrx_word' id='word_1_347' title='bbox 977 3935 1000 3988; x_wconf 92' lang='lat' dir='ltr'>si</span> <span class='ocrx_word' id='word_1_348' title='bbox 1017 3932 1113 3987; x_wconf 84' lang='lat' dir='ltr'>inlecti</span> <span class='ocrx_word' id='word_1_349' title='bbox 1129 3933 1210 3986; x_wconf 91' lang='lat' dir='ltr'>modo</span> <span class='ocrx_word' id='word_1_350' title='bbox 1229 3973 1235 3985; x_wconf 91' lang='lat'>.</span> <span class='ocrx_word' id='word_1_351' title='bbox 1256 3971 1262 3983; x_wconf 89' lang='lat'>.</span> 
     </span>
     <span class='ocr_line' id='line_1_38' title="bbox 118 4011 1262 4089; baseline -0.002 -17"><span class='ocrx_word' id='word_1_352' title='bbox 118 4018 142 4072; x_wconf 92' lang='lat' dir='ltr'>si</span> <span class='ocrx_word' id='word_1_353' title='bbox 165 4016 293 4089; x_wconf 84' lang='lat' dir='ltr'>perfecti’</span> <span class='ocrx_word' id='word_1_354' title='bbox 320 4018 388 4088; x_wconf 74' lang='lat' dir='ltr'>usp.</span> <span class='ocrx_word' id='word_1_355' title='bbox 417 4048 449 4056; x_wconf 96' lang='lat'>—</span> <span class='ocrx_word' id='word_1_356' title='bbox 478 4022 509 4072; x_wconf 91' lang='grc'>19</span> <span class='ocrx_word' id='word_1_357' title='bbox 523 4011 604 4087; x_wconf 80' lang='lat' dir='ltr'>‘fort</span> <span class='ocrx_word' id='word_1_358' title='bbox 621 4015 754 4074; x_wconf 87' lang='lat' dir='ltr'>riderent&#39;</span> <span class='ocrx_word' id='word_1_359' title='bbox 774 4019 846 4089; x_wconf 84' lang='lat' dir='ltr'>LSp.</span> <span class='ocrx_word' id='word_1_360' title='bbox 873 4051 906 4058; x_wconf 88' lang='lat'>-</span> <span class='ocrx_word' id='word_1_361' title='bbox 934 4024 965 4072; x_wconf 82' lang='lat'>20</span> <span class='ocrx_word' id='word_1_362' title='bbox 984 4034 1018 4072; x_wconf 85' lang='lat' dir='ltr'>ex</span> <span class='ocrx_word' id='word_1_363' title='bbox 1035 4021 1149 4087; x_wconf 75' lang='lat' dir='ltr'>utroque</span> <span class='ocrx_word' id='word_1_364' title='bbox 1173 4016 1262 4086; x_wconf 87' lang='lat' dir='ltr'>parte]</span> 
     </span>
     <span class='ocr_line' id='line_1_39' title="bbox 117 4098 1262 4175; baseline -0.001 -19"><span class='ocrx_word' id='word_1_365' title='bbox 117 4098 196 4158; x_wconf 79' lang='lat' dir='ltr'>‘male</span> <span class='ocrx_word' id='word_1_366' title='bbox 213 4105 330 4175; x_wconf 79' lang='lat' dir='ltr'>repetito</span> <span class='ocrx_word' id='word_1_367' title='bbox 347 4098 484 4156; x_wconf 82' lang='lat' dir='ltr'>videntur&#39;</span> <span class='ocrx_word' id='word_1_368' title='bbox 504 4102 575 4172; x_wconf 86' lang='lat' dir='ltr'>LSp.</span> <span class='ocrx_word' id='word_1_369' title='bbox 603 4135 636 4143; x_wconf 96' lang='lat'><em>-</em></span> <span class='ocrx_word' id='word_1_370' title='bbox 664 4108 697 4157; x_wconf 83' lang='grc'>24</span> <span class='ocrx_word' id='word_1_371' title='bbox 713 4104 847 4173; x_wconf 89' lang='lat' dir='ltr'>personis]</span> <span class='ocrx_word' id='word_1_372' title='bbox 871 4103 995 4172; x_wconf 90' lang='lat' dir='ltr'>personis</span> <span class='ocrx_word' id='word_1_373' title='bbox 1013 4106 1041 4158; x_wconf 88' lang='lat' dir='ltr'>et</span> <span class='ocrx_word' id='word_1_374' title='bbox 1057 4102 1151 4158; x_wconf 82' lang='lat' dir='ltr'>formis</span> <span class='ocrx_word' id='word_1_375' title='bbox 1174 4101 1262 4170; x_wconf 84' lang='lat' dir='ltr'>vulg.</span> 
     </span>
     <span class='ocr_line' id='line_1_40' title="bbox 113 4182 1263 4260; baseline 0 -19"><span class='ocrx_word' id='word_1_376' title='bbox 113 4182 220 4242; x_wconf 83' lang='lat' dir='ltr'>‘autin</span> <span class='ocrx_word' id='word_1_377' title='bbox 238 4189 361 4244; x_wconf 91' lang='lat' dir='ltr'>omnibus</span> <span class='ocrx_word' id='word_1_378' title='bbox 378 4187 502 4256; x_wconf 89' lang='lat' dir='ltr'>personis</span> <span class='ocrx_word' id='word_1_379' title='bbox 520 4193 568 4242; x_wconf 82' lang='lat' dir='ltr'>ard</span> <span class='ocrx_word' id='word_1_380' title='bbox 586 4194 658 4243; x_wconf 80' lang='lat' dir='ltr'>certe</span> <span class='ocrx_word' id='word_1_381' title='bbox 675 4189 800 4259; x_wconf 88' lang='lat' dir='ltr'>personis</span> <span class='ocrx_word' id='word_1_382' title='bbox 812 4188 871 4244; x_wconf 83' lang='lat' dir='ltr'>det’</span> <span class='ocrx_word' id='word_1_383' title='bbox 885 4187 955 4257; x_wconf 88' lang='lat' dir='ltr'>LSp.</span> <span class='ocrx_word' id='word_1_384' title='bbox 975 4186 1025 4243; x_wconf 86' lang='lat' dir='ltr'>boc</span> <span class='ocrx_word' id='word_1_385' title='bbox 1040 4189 1118 4260; x_wconf 85' lang='lat' dir='ltr'>prob.</span> <span class='ocrx_word' id='word_1_386' title='bbox 1137 4187 1189 4244; x_wconf 79' lang='lat' dir='ltr'>oid.</span> <span class='ocrx_word' id='word_1_387' title='bbox 1209 4188 1263 4242; x_wconf 82' lang='lat' dir='ltr'>nist</span> 
     </span>
     <span class='ocr_line' id='line_1_41' title="bbox 114 4271 507 4343; baseline 0.008 -19"><span class='ocrx_word' id='word_1_388' title='bbox 114 4271 173 4341; x_wconf 81' lang='lat' dir='ltr'>solt</span> <span class='ocrx_word' id='word_1_389' title='bbox 188 4272 218 4326; x_wconf 93' lang='lat' dir='ltr'>in</span> <span class='ocrx_word' id='word_1_390' title='bbox 236 4274 358 4329; x_wconf 88' lang='lat' dir='ltr'>omnibus</span> <span class='ocrx_word' id='word_1_391' title='bbox 376 4273 507 4343; x_wconf 85' lang='lat' dir='ltr'>partibus.</span> 
     </span>
    </p>
   </div>
   <div class='ocr_carea' id='block_1_5' title="bbox 0 0 1534 5048">
    <p class='ocr_par' dir='ltr' id='par_1_11' title="bbox 0 0 1534 5048">
     <span class='ocr_line' id='line_1_42' title="bbox 0 0 1534 5048; baseline 0 1"><span class='ocrx_word' id='word_1_392' title='bbox 0 0 1534 5048; x_wconf 95' lang='lat' dir='ltr'> </span> 
     </span>
    </p>
   </div>
  </div>
 </body>
</html>
