3038 5048
283 317 323 374 66
610 316 724 371 LIBER
741 315 907 383 QUINTUS.
943 319 1123 381 §tot-170.

284 488 386 553 multa
405 487 574 572 peregrina
593 492 630 554 ut
643 487 773 571 Sagum,
796 488 885 554 Reno
899 487 1028 571 gallica,
1050 485 1237 552 (launacum
1251 488 1285 547 et
1297 482 1431 567 Amphi-

283 589 415 656 mallum
436 607 569 674 graeca,
592 595 703 656 contra
724 589 858 656 latinum
873 590 982 676 Toral,
1003 593 1078 655 ante
1099 592 1213 669 torum,
1235 591 1268 652 et
1284 585 1390 652 'Porus
1412 604 1433 651 a

131 695 385 775 mutar-morso,
413 691 499 774 quod
520 691 549 757 is
578 690 611 756 in
638 698 796 777 promptu.
839 692 891 758 Ab
913 691 976 758 hac
1004 689 1210 758 similitudine
1232 688 1370 754 Torulus
1397 686 1432 753 in

157 794 178 873 ξ
203 795 262 859 168
284 792 426 861 mulieris
448 793 554 878 capite
575 801 714 860 ornatus.
779 795 851 874 Qua
872 792 1009 878 simplici
1038 792 1205 860 scansione
1232 789 1432 857 scandebant

283 894 316 959 in
330 896 446 961 lectum
462 915 525 963 non
540 897 650 982 altum,
666 896 864 980 Scabellum,
884 897 918 963 in
932 895 1087 979 altiorem,
1104 893 1284 960 Scamnum.
1317 893 1462 978 Duplic

283 1002 357 1064 cata
371 996 497 1064 scansio
511 997 638 1065 Gradus
653 998 777 1084 dicitur,
799 998 885 1082 quod
899 998 981 1081 gerit
999 997 1032 1062 in
1048 996 1201 1062 inferiora
1222 994 1430 1081 superiorem.

284 1099 409 1165 Graeca
430 1105 504 1164 sunt
517 1100 745 1168 Peristromata
759 1107 792 1168 et
805 1100 1070 1185 Peripetasmata,
1091 1097 1139 1165 sic
1160 1097 1227 1164 alia
1248 1117 1332 1180 quae
1354 1098 1433 1166 item

283 1199 423 1268 convivii
444 1221 542 1268 causa
562 1202 609 1270 ibi
630 1204 741 1270 multa.

156 1306 177 1386 ξ
201 1307 262 1370 169
370 1306 420 1369 36.
449 1304 609 1371 Pecuniae
624 1304 771 1388 signatae
785 1304 945 1372 vocabula
958 1307 1031 1369 sunt
1045 1302 1129 1369 aeris
1144 1308 1177 1368 et
1191 1301 1316 1386 argenti
1335 1301 1432 1369 haec:

134 1424 164 1473 u·
174 1424 211 1464 ¹7⁰
219 1420 277 1474 sir-¹)
285 1405 332 1470 As
346 1405 389 1470 ab
404 1425 487 1472 aere.
521 1408 710 1492 Dupondius
724 1427 745 1473 a
760 1406 885 1474 duobus
902 1404 1104 1491 ponderibus,
1128 1403 1214 1489 quod
1235 1424 1333 1471 unum
1354 1425 1433 1490 pon·
1456 1414 1483 1465 1o

286 1506 346 1572 dus
361 1508 588 1592 Assipcndium
603 1509 784 1594 dicebatur3
805 1509 842 1576 id
860 1508 934 1576 ideo
949 1507 1035 1593 quod
1049 1509 1095 1574 As
1117 1513 1187 1573 erat
1208 1508 1291 1574 libra
1312 1507 1432 1592 pondo.

285 1608 411 1676 Deinde
431 1610 473 1676 ab
490 1632 622 1679 numero
644 1612 801 1695 reliquum
823 1611 942 1678 dictum
965 1629 1065 1693 usque
1086 1609 1129 1675 ad
1150 1610 1313 1676 Gentnssis
1334 1615 1370 1676 ut
1385 1611 1432 1676 As

285 1711 439 1797 singulari
459 1733 600 1798 numero,
622 1714 664 1779 ab
686 1715 789 1781 tribus
810 1714 937 1781 assibus
955 1713 1082 1780 Tressis
1104 1712 1203 1780 etsie
1224 1712 1432 1797 proportione

159 1818 179 1896 §
205 1819 263 1882 170
285 1833 386 1896 usque
400 1813 443 1878 ad
457 1815 621 1882 Nonussis.
678 1818 717 1883 In
739 1816 869 1884 denario
891 1836 1021 1882 numero
1043 1815 1105 1881 hoc
1126 1819 1239 1895 mutat,
1260 1815 1348 1896 quod
1368 1815 1431 1900 pri-

287 1937 373 1995 mum
389 1923 439 1983 est
452 1917 495 1983 ab
513 1916 624 1984 decem
646 1918 773 1985 assibus
786 1919 949 2005 Decursis,
971 1918 1144 1985 secundum
1165 1916 1208 1982 ab
1230 1917 1354 1983 duobus
1377 1916 1431 1984 de·
1456 1931 1484 1981 15

287 2018 431 2085 cussibus
446 2019 594 2103 Vicessis,
617 2020 703 2103 quod
717 2020 781 2088 dici
801 2023 928 2088 solitum
950 2040 971 2086 a
992 2020 1116 2087 duobus
1131 2019 1284 2104 Bicessis;
1306 2019 1433 2102 reliqua

375 2244 387 2294 1
406 2240 514 2309 gallica]
533 2242 730 2310 Turnebus,
753 2242 819 2310 galli
836 2241 901 2311 quid
917 2241 1009 2296 libri.
1029 2272 1061 2280 -
1079 2245 1242 2310 gaunacum]
1260 2240 1431 2310 Scaliger,

288 2324 453 2395 Georges,
470 2327 659 2383 Brambach
676 2330 738 2383 Lat.
758 2328 885 2397 Orthogr.
902 2342 930 2395 p.
941 2330 1000 2395 213,
1017 2335 1188 2396 gannacuma
1206 2326 1341 2395 uHMf,
1363 2342 1431 2396 gan·

287 2419 404 2466 nacuma
421 2411 483 2482 Vp,
508 2428 659 2483 gausapum
677 2414 795 2469 eroth.
814 2443 848 2452 —-
867 2415 882 2466 2
899 2413 979 2478 toral}
998 2415 1058 2467 tore
1075 2413 1148 2480 quod
1164 2412 1203 2481 M,
1217 2412 1349 2467 Laetus
1366 2416 1430 2478 (tec.

295 2497 384 2566 Vina),
400 2500 463 2552 tora
474 2500 503 2552 et
513 2499 546 2564 B,
563 2501 623 2553 tore
635 2499 680 2553 uel
692 2498 815 2566 ceteri,
831 2497 920 2553 torale
930 2497 1005 2566 quod
1014 2497 1135 2564 Aldus,
1152 2497 1222 2552 toral
1232 2497 1304 2566 quod
1315 2498 1430 2566 Angu-

288 2582 413 2638 atinus.
440 2579 519 2652 ‘sort
536 2584 608 2638 toral
626 2578 726 2638 velum'
746 2584 817 2654 LSp.
846 2583 936 2653 foisse
952 2582 1101 2654 suspiceris
1117 2582 1190 2636 toral
1207 2587 1235 2637 et
1251 2587 1343 2650 torus,
1366 2585 1431 2638 ante

287 2671 430 2722 torum-
448 2668 592 2737 3torulus]
610 2668 838 2737 Augustinus,
856 2668 980 2724 toruinus
999 2666 1356 2736 GH,Rholandellus,
1373 2671 1431 2723 tor·

287 2751 349 2806 nius
362 2752 488 2820 ceteri,
504 2754 589 2808 torvis
602 2754 743 2823 Laetus,
756 2755 787 2808 B.
800 2785 834 2793 -
852 2759 867 2808 5
880 2754 974 2819 altum]
992 2754 1031 2821 M,
1044 2753 1189 2821 Laetus,
1206 2753 1282 2806 aliud
1293 2752 1329 2820 H,
1346 2752 1431 2808 alium

288 2837 452 2892 ceteri.—
469 2854 602 2892 acaunum
619 2838 682 2893 1.-
701 2842 716 2892 6
734 2839 804 2909 gerit
820 2839 952 2894 inferiora
968 2854 1067 2907 graeca
1084 2842 1112 2893 et
1129 2838 1169 2892 sic
1188 2838 1221 2906 G,
1247 2838 1317 2908 gerit
1335 2837 1370 2892 ab
1388 2838 1430 2892 in·

287 2921 388 2977 feriore
404 2922 434 2977 in
452 2924 619 2994 superiorem
636 2924 723 2993 vulg.
742 2941 779 2978 ecc
795 2926 828 2979 B.
863 2921 942 2994 ‘fort
965 2924 1036 2992 gerit
1056 2924 1086 2978 in
1110 2924 1253 2994 superiora
1274 2922 1433 2978 inferiorem

287 3008 383 3063 autin
399 3008 531 3063 inferiora
549 3007 726 3080 superiorem’
746 3008 817 3079 LSp.
835 3039 870 3048 -
888 3015 902 3062 7
921 3012 986 3064 sunt
1062 3009 1104 3064 sic
1120 3025 1181 3064 cum
1194 3009 1294 3063 tacuero
1311 3008 1332 3077 f,
1354 3028 1432 3081 περι-

288 3111 418 3167 στρματα
430 3098 459 3149 et
469 3112 706 3167 περιπετασματα
717 3094 752 3164 H,
770 3090 993 3168 περιστρώματα
1005 3097 1034 3150 et
1045 3089 1281 3167 περιπετάσματα
1294 3109 1320 3149 a.
1331 3124 1365 3132 -
1376 3095 1432 3149 alia

287 3179 367 3250 quae]
386 3179 461 3249 LSp,
487 3180 598 3249 aliquod
615 3179 702 3234 MVf
708 3196 739 3249 p,
757 3180 862 3248 aliquid
880 3181 1005 3248 ceteri,
1023 3179 1100 3235 aliud
1117 3179 1220 3248 aliquid
1236 3180 1324 3248 vulg.
1343 3196 1381 3234 ecc
1398 3181 1430 3234 B.

288 3265 328 3320 sic
340 3264 446 3336 reliqna
462 3264 528 3320 item
545 3265 661 3320 convivii
677 3269 710 3321 ut
720 3282 841 3336 gausape
858 3266 979 3322 Reiter
989 3283 1017 3336 p.
1030 3269 1071 3319 21.
1088 3296 1122 3304 -
1140 3270 1156 3319 8
1174 3281 1266 3320 eausa.
1291 3264 1334 3319 Ibi
1345 3265 1432 3321 multa

287 3351 460 3421 distinpuunt
477 3351 558 3405 GVf
564 3368 582 3420 p
607 3351 688 3418 (tao
709 3352 826 3407 duorum
849 3368 917 3407 cers.
936 3352 1055 3424 spatium
1078 3365 1193 3404 uacuum
1214 3351 1338 3406 relictum
1360 3351 1433 3405 inter

288 3453 373 3492 causa
390 3441 417 3492 et
432 3436 498 3504 Ibi),
523 3452 608 3491 causa
630 3436 677 3491 ibi.
696 3437 786 3492 Multa
807 3437 930 3493 ceteri.
966 3453 984 3490 a
1000 3436 1135 3506 pecuniae
1158 3453 1256 3492 novam
1272 3436 1432 3490 sententium

283 3522 393 3593 primus
405 3523 507 3592 incepit
517 3522 593 3593 LSp3
611 3523 664 3577 υἱοί.
674 3516 802 3594 praefat.
821 3553 854 3561 —
871 3522 958 3576 multa
968 3522 1103 3592 pecuniae
1115 3521 1174 3589 (oid.
1185 3524 1295 3593 supra]
1313 3520 1431 3576 Priscia-

288 3624 341 3663 nus
362 3609 397 3664 de
418 3607 512 3677 figuris
536 3623 709 3663 numerorum
728 3612 758 3662 15
776 3622 802 3676 p.
822 3608 925 3662 410K:
951 3604 1053 3663 ‘Varro
1077 3609 1112 3662 de
1133 3607 1227 3676 lingua
1248 3606 1335 3661 latina
1360 3606 1430 3661 libro

288 3694 398 3763 quinto:
415 3694 502 3747 multa
517 3693 652 3763 pecuniae
732 3693 833 3746 nummi
851 3692 958 3747 denarii
975 3709 993 3747 a
1009 3693 1115 3749 decima
1131 3689 1245 3749 libella'
1273 3690 1349 3761 conf.
1369 3692 1431 3762 LSp

289 3768 364 3834 Uber
376 3779 402 3832 d.
413 3778 484 3833 Krit.
493 3795 520 3848 p.
533 3783 640 3834 12-15.
659 3809 693 3818 —
712 3782 744 3832 10
760 3778 796 3832 ab
808 3777 915 3832 duobus
928 3777 1106 3833 Prisciani
1122 3779 1215 3833 libri.
1233 3807 1267 3818 -
1286 3782 1314 3830 11
1334 3777 1432 3831 libram

288 3865 380 3933 pondo
399 3864 543 3919 Gronov.
561 3863 596 3917 de
608 3866 672 3918 sest.
688 3867 710 3929 1,
724 3865 748 3931 6,
765 3861 955 3931 librapondus
972 3863 1067 3918 libri.
1086 3895 1120 3903 -
1139 3868 1170 3917 12
1182 3863 1316 3933 reliquum
1328 3863 1432 3918 dictum

290 3949 564 4005 omPriscianus.
574 3980 606 3989 —
619 3951 772 4003 cantassem
784 3947 890 4002 Prisc.
907 3979 940 3988 -
955 3953 985 4003 13
998 3948 1136 4018 singulari]
1150 3947 1293 4017 Laetus,
1310 3965 1329 4004 a
1340 3949 1431 4018 singu·

288 4033 343 4087 lari
359 4033 452 4088 libri.
487 4037 519 4089 ut
540 4051 572 4089 as
596 4034 665 4101 sing.
682 4049 795 4088 numero
813 4051 865 4088 om.
884 4033 989 4088 Prisc.
1018 4063 1051 4072 -
1079 4038 1110 4088 15
1128 4033 1235 4088 decusis
1253 4034 1268 4087 f
1282 4051 1342 4088 cum
1360 4051 1432 4089 com-

284 4118 428 4190 pluribus,
452 4120 515 4174 item
532 4120 678 4174 deensibus
696 4118 803 4173 bioesis.
822 4150 856 4158 -
884 4123 916 4174 16
933 4117 1052 4182 vicessis]
1071 4116 1184 4172 bicassis
1201 4117 1296 4174 libri.
1331 4119 1401 4174 illud
1417 4136 1432 4173 e

289 4201 434 4258 Prisciono
450 4207 543 4277 recepi
559 4221 724 4275 quamquam
741 4204 818 4276 epod
832 4205 917 4276 istum,
926 4205 1007 4261 uerba
1023 4202 1097 4272 quod
1108 4201 1163 4256 dici
1175 4203 1283 4257 solitum
1295 4219 1313 4258 a
1325 4205 1432 4260 duobus

290 4287 527 4361 bicessispropter
535 4290 704 4362 syllabarum
711 4290 913 4348 similitudinem
920 4295 985 4362 post
992 4288 1104 4344 rioassis
1115 4289 1318 4345 intenderunt.
1326 4321 1359 4331 -
1367 4290 1431 4354 dici]
