3038 5048
253 281 313 342 rso
584 279 892 336 umnnocrnvus.
928 282 1073 349 ensi.

251 473 364 536 casm,
398 459 433 519 ut
461 451 587 520 litterae
608 472 761 537 meae,
795 473 859 519 non
882 450 1028 518 dicantur
1048 451 1157 536 Alphe
1187 453 1334 539 Alphati
1362 455 1416 521 Al·

251 555 384 640 pbatos,
416 552 444 618 si
473 552 560 620 idem
588 553 667 620 mihi
696 553 939 639 respondebitur
971 551 1057 635 quod
1079 553 1219 639 Crateti,
1255 576 1324 625 non
1348 576 1420 625 esse

255 656 414 725 vocabula
441 662 550 722 nostra
581 655 640 722 sed
678 656 805 741 penitus
840 655 995 739 barbara,
1029 676 1202 739 quaeram,
1238 677 1300 724 cnr
1328 657 1418 725 idem

255 766 365 827 nostra
392 756 585 824 nomina=et
611 758 782 823 Persarum
811 763 843 822 et
872 762 1048 824 ceterorum
1078 777 1158 840 quos
1189 764 1316 825 vocant
1345 761 1418 827 bar·

150 863 232 943 §65
256 862 353 929 beros
375 879 447 927 cum
468 857 596 926 casibus
619 856 736 925 dicant.
780 858 887 938 Quare
914 858 943 924 si
965 866 1072 927 essent
1093 857 1127 925 in
1149 860 1327 944 analogia,
1364 867 1450 929 autu

145 1004 149 1009 ·
255 969 290 1031 nt
311 962 485 1029 Poenicum
508 968 541 1027 et
561 959 793 1045 Aegyptiomm
816 960 974 1027 vocabula
1003 959 1136 1042 singulis
1164 962 1302 1031 casibus
1330 963 1419 1032 dice

256 1072 327 1133 rent
364 1070 421 1130 aut
448 1062 594 1148 pluribus
630 1068 666 1127 ut
695 1060 862 1128 Gallorum
890 1081 929 1128 uc
962 1067 1151 1145 ceterorum,
1191 1083 1272 1130 nam
1305 1064 1421 1134 dicunt

100 1184 216 1236 muoso
229 1169 367 1234 ¹lalaceo
388 1166 522 1231 alaucns
544 1169 577 1230 et
598 1163 645 1229 sic
666 1163 740 1230 alia.
786 1164 860 1247 Sin,
883 1162 969 1245 quod
991 1164 1148 1248 scribunt,
1182 1164 1275 1247 quod
1299 1167 1420 1235 Poeni·

255 1289 327 1335 cum
349 1268 414 1333 sint
436 1267 569 1352 singulis
584 1266 721 1349 casibus,
745 1265 851 1332 dicent
872 1266 946 1331 ideo
970 1284 1026 1332 eas
1047 1264 1171 1332 litteras
1191 1285 1339 1348 graecas
1361 1291 1420 1338 no

255 1370 392 1436 minari?
426 1369 481 1436 Sic
502 1367 617 1434 Graeci
644 1376 753 1434 nostra
782 1367 866 1434 senis
895 1367 1024 1432 casibus
1053 1363 1169 1451 [quinis
1191 1365 1268 1454 non]
1303 1370 1470 1440 dicerene

257 1472 429 1553 debebant,
452 1470 538 1552 quod
562 1489 631 1536 cum
654 1490 719 1537 non
740 1469 869 1551 faciunt,
893 1489 956 1535 non
979 1473 1029 1535 est
1049 1468 1207 1552 analogia.

149 1578 232 1657 §66
342 1579 392 1640 37.
426 1573 516 1650 Quae
543 1572 572 1636 si
600 1578 701 1649 esset,
735 1577 855 1652 negant
880 1571 982 1636 ullum
1011 1589 1119 1637 casnm
1148 1571 1277 1637 duobus
1309 1574 1423 1642 modis

255 1676 405 1744 debuisse
427 1674 501 1758 dici,
526 1671 612 1754 quod
634 1671 670 1739 fit
692 1678 811 1740 contra.
855 1673 940 1739 Nam
959 1673 1028 1739 sine
1043 1673 1298 1757 reprehensione
1315 1678 1423 1762 vulgo

254 1778 310 1844 alii
332 1776 440 1842 dicunt
461 1776 495 1840 in
517 1775 672 1858 singulari
694 1775 755 1840 hac
776 1773 839 1841 Ovi
861 1784 894 1841 et
917 1775 990 1861 Avi,
1013 1775 1069 1841 alii
1090 1773 1150 1839 hac
1169 1773 1240 1840 Ove
1263 1782 1301 1842 et
1325 1780 1421 1865 Ave;

255 1880 288 1946 in
310 1876 524 1945 multitudinis
546 1878 607 1945 hee
629 1879 750 1963 Puppis
772 1877 880 1943 Restis
901 1884 933 1944 et
955 1878 1017 1945 hae
1031 1878 1160 1962 Puppes
1176 1872 1313 1964 Restes;
1338 1881 1423 1948 item
1445 1895 1472 1947 1⁵

256 1980 343 2064 quod
371 1979 404 2046 in
432 1979 555 2065 patrico
582 1999 659 2046 casu
689 1980 750 2045 hoo
782 1999 883 2064 genus
917 1979 1111 2064 dispariliter
1141 1977 1293 2045 dicuntur
1328 1980 1421 2050 civi-

101 2088 359 2151 oensnrnatum
387 2084 558 2149 Parentum
582 2091 614 2148 et
637 2082 820 2150 civitatium
851 2082 1049 2162 Parentium,
1083 2081 1116 2144 in
1145 2081 1327 2149 accusandi
1358 2085 1421 2152 hos

255 2185 379 2252 Montes
400 2185 519 2251 Pontes
541 2184 655 2250 ethos
677 2184 793 2249 Montis
815 2184 934 2249 Pontis.

149 2287 169 2367 ὅ
191 2289 229 2350 67
341 2289 390 2354 38.
413 2287 495 2352 Item
518 2306 599 2368 cum,
625 2284 654 2352 si
676 2285 717 2350 sit
739 2285 904 2368 analogia,
928 2285 1068 2352 debeant
1090 2286 1132 2350 ab
1154 2283 1316 2351 similibus
1342 2308 1421 2356 ver·

256 2390 306 2456 bis
333 2388 480 2456 similiter
507 2386 675 2454 declinatis
705 2385 823 2452 similia
850 2386 919 2453 fieri
949 2392 982 2453 et
1015 2387 1049 2452 id
1080 2407 1145 2453 non
1177 2385 1248 2452 fieri
1280 2389 1419 2457 ostendi
1440 2409 1471 2462 au

343 2645 355 2694 1
375 2640 514 2703 dicantur]
531 2634 609 2708 ‘fort
628 2633 810 2693 declinentur'
829 2638 901 2708 LSp.
921 2669 953 2677 —
972 2642 988 2693 2
1006 2636 1106 2707 gratati
1123 2636 1156 2706 F,
1178 2635 1251 2692 corr!
1269 2639 1418 2711 Laetus,

255 2743 287 2796 B.
316 2772 349 2781 -
376 2734 648 2804 essevocabula1be'
667 2709 804 2796 ridoabula
827 2740 886 2808 (sic)
909 2742 932 2795 F
958 2740 1048 2807 (Keil),
1076 2739 1149 2793 unde
1166 2743 1258 2795 essent
1283 2744 1415 2813 ceteri,

256 2831 330 2883 asset
345 2843 373 2895 p,
391 2841 464 2881 corr.
482 2825 572 2892 vulg.
591 2840 629 2879 ea
646 2825 679 2891 B,
696 2822 754 2879 ‘sed
769 2825 840 2896 sort.
858 2825 931 2894 quod
947 2840 1004 2880 non
1021 2819 1125 2881 essent’
1146 2824 1216 2895 LSp.
1244 2855 1278 2864 —
1306 2830 1322 2880 3
1344 2845 1413 2898 qne-

256 2927 315 2965 ram
332 2912 364 2964 P.
382 2941 423 2972 .-·
446 2915 461 2962 5
480 2909 555 2963 dicat
572 2910 605 2976 P,
624 2924 694 2963 corr.
713 2910 852 2965 Laetus.
880 2941 915 2948 —
941 2914 1034 2966 essent
1050 2910 1080 2963 in
1098 2909 1234 2978 analogia]
1253 2910 1287 2979 F,
1299 2912 1414 2982 probat

257 2996 377 3062 Grotb,
404 2997 477 3048 esset
498 2994 625 3064 analogia
642 2994 765 3063 Aldus,
787 2993 870 3066 prob.
894 2995 971 3065 LSp,
999 2997 1049 3066 qai
1070 2991 1218 3064 adscripsit
1242 2991 1308 3050 ‘nest
1328 2998 1413 3067 forte

255 3100 328 3150 esset
344 3095 374 3148 in
391 3093 435 3148 his
453 3090 597 3162 analogia?
617 3125 651 3135 —
669 3100 685 3150 6
703 3096 873 3167 egiptiorum.
901 3125 935 3135 —
962 3101 977 3151 8
995 3097 1091 3153 alecco
1109 3073 1205 3153 alicus
1224 3098 1283 3164 (sic)
1301 3099 1325 3153 F
1347 3117 1410 3154 cnm

256 3181 352 3235 ceteris
375 3180 425 3250 pai
445 3177 559 3234 ahuous
583 3178 697 3244 babent,
725 3182 821 3236 alaco
838 3182 915 3236 lacus
935 3182 975 3250 G,
1001 3181 1079 3237 alnoo
1099 3183 1193 3237 aloem
1211 3182 1300 3251 vulg.
1318 3198 1359 3238 ex
1377 3185 1410 3254 Β,

256 3267 292 3322 ab
310 3266 411 3320 alauda
428 3263 543 3318 alaudas
562 3264 734 3334 Scaliger,
753 3260 831 3322 ‘reove'
847 3267 897 3336 pai
912 3265 946 3320 de
964 3266 1024 3321 alec
1042 3268 1126 3322 alueis
1144 3267 1313 3322 restituendo
1331 3270 1411 3340 copi·

257 3363 340 3424 toret'
355 3369 473 3423 Groth.
491 3397 525 3405 -
543 3367 606 3421 ulia
625 3367 677 3432 siu]
696 3347 772 3423 alia⁸.
790 3369 824 3422 In
840 3368 873 3434 F,
890 3367 960 3423 alias
978 3369 1007 3422 in
1025 3369 1149 3437 ceteri,
1176 3385 1248 3424 corr.
1270 3369 1408 3440 Popma.

256 3483 290 3493 -
309 3453 359 3519 sin]
379 3451 436 3507 seii.
453 3452 678 3521 respondebitur,
705 3453 781 3523 conf.
799 3469 827 3522 p.
843 3456 900 3521 186,
919 3455 943 3521 2,
961 3472 989 3525 p.
1010 3457 1075 3524 181,
1094 3460 1135 3509 10.
1159 3485 1194 3493 —
1216 3454 1350 3520 scribunt]
1370 3456 1409 3524 M,

255 3539 393 3607 Popma,
411 3535 533 3591 scribent
548 3537 581 3591 F.
603 3568 638 3575 —
662 3540 678 3590 9
695 3535 751 3591 sint
767 3536 939 3592 Rholand.
957 3567 992 3578 -
1009 3541 1082 3608 quod
1099 3539 1247 3595 Poenicum
1264 3540 1321 3595 sint
1338 3541 1409 3611 sing.

257 3640 312 3678 cas.
332 3623 433 3685 dicent]
451 3622 551 3692 scripsi
568 3637 629 3675 cam
646 3623 873 3692 interrogationis
889 3624 984 3694 sipno,
1010 3625 1103 3680 dicent
1120 3625 1192 3695 qnod
1208 3623 1354 3693 poenicum
1373 3627 1411 3682 sit

258 3706 326 3776 sing.
345 3722 401 3762 cas.
419 3705 514 3759 libri.
532 3735 566 3746 -
588 3706 661 3771 ideo]
680 3707 721 3761 uti
738 3707 801 3762 dico
819 3707 862 3761 nei
878 3707 933 3762 dici
950 3709 1012 3764 dico
1030 3709 1102 3779 LSp.
1130 3740 1163 3748 —
1192 3713 1222 3762 10
1243 3723 1299 3762 non
1318 3710 1410 3778 quinis
1458 3764 1465 3775 ,

257 3792 427 3864 transposuit
447 3791 584 3846 Laetus.
603 3790 671 3846 mibi
687 3791 777 3861 quinis
794 3808 850 3848 non
867 3792 984 3848 delendo
1002 3795 1169 3851 videbantur.
1196 3823 1227 3832 -
1253 3798 1284 3847 11
1303 3793 1411 3852 iaciant

256 3877 392 3932 Muller.
416 3906 449 3915 -
478 3880 510 3930 12
527 3880 619 3931 essent
635 3877 669 3945 F,
687 3892 758 3931 corr.
774 3877 913 3932 Laetus.
941 3909 975 3918 -
1005 3883 1036 3934 13
1053 3880 1134 3948 uolgo
1153 3878 1188 3934 H.
1214 3907 1249 3918 -
1277 3882 1309 3932 16
1325 3875 1412 3949 ‘quod

255 3977 325 4047 sort.
343 3978 404 4032 del?
424 3978 496 4048 LSp.
524 4008 557 4017 -
583 3957 703 4049 patrico⁵
720 3978 753 4047 F,
779 3979 900 4048 patricos
918 3981 1041 4049 ceteri,
1068 3998 1140 4037 corr.
1157 3980 1295 4035 Laetus.
1313 3981 1411 4036 eadem

255 4064 351 4131 forma
369 4065 448 4134 infra
464 4080 492 4132 p.
514 4066 571 4126 187,
584 4067 609 4132 3,
626 4063 666 4117 IX
678 4065 694 4129 ξ
708 4069 749 4131 54,
762 4067 802 4117 lb.
822 4094 855 4102 —
873 4064 982 4120 dicatur
998 4065 1085 4134 vulg.
1098 4081 1136 4122 ea
1146 4065 1180 4118 B.
1198 4094 1231 4102 -
1250 4068 1281 4118 20
1300 4067 1339 4133 et]
1358 4082 1410 4137 ap·

257 4150 337 4215 paret
354 4147 379 4202 si
395 4149 466 4217 usp,
484 4165 535 4220 epo
554 4157 735 4204 tentaveram:
753 4146 823 4218 fieri,
840 4149 866 4205 si
881 4150 912 4203 id
928 4165 984 4206 non
1001 4151 1021 4204 i.
1041 4149 1148 4204 ostendi
1164 4152 1264 4217 potest,
1284 4153 1411 4220 sequitur

258 4231 334 4301 desp.
353 4232 402 4316 sed
418 4233 600 4304 supplendam
618 4232 671 4288 aid.
689 4233 785 4290 dieunt
802 4250 841 4289 ea
857 4239 959 4304 negant
974 4250 1001 4302 p.
1023 4238 1080 4300 186,
1093 4235 1133 4285 12.
