3038 5048
247 310 308 371 180
572 311 687 368 LIBER
704 311 881 370 ocultus.
916 313 1061 381 §ts-49.

246 481 345 551 tieuli.
388 482 530 551 Primum
557 503 659 567 genus
686 490 736 550 est
762 483 937 568 inlinitum,
970 483 1146 553 seeundum
1169 490 1206 551 ut
1232 483 1413 570 infinitum,

140 588 161 667 6
184 588 225 651 46
248 584 375 652 tertium
398 589 433 652 ut
455 585 624 668 elfinitum,
654 593 800 669 quartum
823 586 956 655 finitum.
1013 585 1105 653 Heee
1129 586 1329 670 singulatim
1358 589 1412 655 tri·

246 687 346 772 plicia
375 706 445 755 esse
474 686 593 755 debent
619 689 705 773 quud
736 686 800 774 [ud]
830 709 960 772 sexum,
993 685 1249 772 multitudinem,
1287 709 1412 758 essum.

247 787 383 871 Sexum,
411 796 515 854 utrum
537 788 630 854 uirile
653 809 695 855 au
718 791 873 858 muliebre
895 811 938 857 au
959 794 1106 856 neutrum
1128 789 1186 873 sit,
1219 794 1260 856 ut
1283 793 1412 862 Doctus

247 888 353 956 Duets
375 889 526 974 Duutum;
561 891 811 976 multitudinem,
846 912 944 959 unum
971 913 1013 959 au
1035 892 1128 977 plura
1153 890 1342 977 significet,
1378 899 1445 959 uts

247 988 324 1075 Hie,
347 989 404 1074 Hi,
426 991 531 1076 Haeo,
561 1011 685 1076 essum,
709 998 813 1060 utrum
835 1000 922 1061 reete
944 994 1002 1078 sit,
1023 1000 1059 1061 ut
1079 995 1223 1076 Marcus,
1256 1014 1305 1060 an
1328 995 1413 1062 obli·

248 1110 327 1176 quo,
350 1098 385 1158 ut
406 1094 530 1175 Mareu,
553 1113 594 1158 un
617 1095 791 1179 cummuni,
813 1101 849 1162 ut
871 1096 951 1163 ovis.

145 1196 163 1279 6
187 1198 226 1260 47
336 1200 386 1260 24.
409 1195 468 1260 Η10
490 1194 635 1262 diseretis
657 1197 802 1280 partibus
824 1198 968 1282 singulas
989 1195 1150 1283 perspice,
1184 1216 1251 1280 quo
1276 1197 1414 1266 sueilius

94 1275 405 1377 (⁹¹⁴²⁰⁸¹''¹’nusquam
428 1314 499 1364 esse
521 1296 687 1380 analogias
709 1317 789 1380 quas
811 1299 903 1381 sequi
925 1299 1100 1366 debeamus
1121 1298 1247 1365 videas.
1278 1299 1414 1387 Nempe

248 1417 320 1465 esse
343 1399 511 1483 oportebat
533 1399 621 1465 vueis
643 1401 761 1467 formes
784 1407 904 1484 ternas,
938 1406 973 1466 ut
997 1401 1030 1468 in
1057 1401 1118 1467 hue
1143 1400 1320 1469 Humanus
1342 1402 1414 1470 Hu·
1436 1417 1461 1468 10

248 1520 344 1568 mane
359 1501 550 1582 Humanum,
573 1499 631 1567 sed
652 1500 772 1568 hubent
794 1502 951 1584 quaedam
969 1502 1070 1584 binas,
1093 1509 1128 1568 ut
1143 1501 1269 1570 Cervus
1287 1503 1411 1588 Cerva,

249 1601 408 1685 quaedam
423 1603 573 1685 singulas,
596 1608 631 1668 ut
647 1603 742 1687 Aper,
766 1603 858 1670 etsie
873 1605 981 1670 multa.
1005 1624 1068 1670 nun
1084 1624 1160 1689 ergo
1176 1609 1226 1672 est
1240 1604 1277 1671 in
1295 1605 1412 1673 huius-

250 1702 376 1770 eemudi
397 1704 569 1789 generibus
591 1703 756 1789 analogia.
807 1766 810 1772 .

144 1806 228 1885 §48
336 1808 386 1871 25.
423 1806 466 1871 ut
487 1805 519 1870 in
542 1804 744 1872 multitudine
770 1812 806 1872 ut
832 1827 929 1872 unum
957 1805 1115 1891 signifieat
1141 1807 1255 1890 Pater,
1292 1811 1413 1893 plures

249 1907 377 1993 Patres,
412 1906 459 1974 sie
487 1907 594 1973 omnia
622 1906 800 1975 debuerunt
828 1927 899 1975 esse
928 1907 1013 1974 bina.
1067 1905 1133 1975 Sed
1160 1914 1193 1975 et
1220 1909 1414 1994 singularia
1436 1927 1463 1977 1⁵

248 2009 351 2076 solum
373 2014 446 2075 sunt
467 2009 582 2094 multa,
611 2016 647 2076 ut
668 2009 773 2094 Oieer,
806 2010 912 2095 Siser;
945 2029 1039 2076 nemu
1062 2011 1147 2076 enim
1175 2009 1255 2077 dieit
1276 2012 1412 2100 creora,

248 2110 371 2196 Sisera3
414 2117 447 2179 et
468 2110 680 2178 multitudinis
703 2119 791 2198 sunt,
823 2119 858 2179 ut
887 2111 1033 2195 Salinae;
1066 2133 1130 2178 uun
1163 2112 1249 2178 enim
1277 2115 1325 2181 ab
1358 2118 1411 2184 his

97 2224 127 2276 u·
136 2225 174 2268 ⁴²⁷
182 2224 240 2279 suu
248 2211 403 2297 singulari
427 2214 534 2299 speeie
557 2213 673 2281 dieitur
693 2214 806 2281 Salina
826 2220 858 2282 et
872 2213 1003 2280 Balnea.
1047 2213 1161 2296 Neque
1183 2213 1225 2279 ab
1249 2234 1289 2282 eu
1317 2219 1411 2300 quud

250 2314 361 2384 dieunt
394 2317 550 2384 Balneum
583 2315 681 2383 habet
718 2314 931 2382 multitudinis
960 2315 1170 2397 eonsuetud03
1203 2335 1281 2383 nam
1315 2321 1410 2401 quod

250 2425 299 2486 est
328 2424 361 2484 ut
385 2419 562 2485 Praedium
584 2417 757 2501 Balneum,
794 2415 972 2484 debuerunt
994 2435 1066 2482 esse
1086 2417 1180 2502 plura
1201 2424 1237 2484 ut
1259 2419 1408 2491 Praedia
1432 2437 1462 2488 21

249 2520 388 2602 Βο1600,
413 2518 498 2602 quud
519 2540 582 2586 nun
605 2523 668 2602 est,
701 2539 766 2585 uun
788 2523 838 2585 est
859 2538 934 2602 ergo
956 2518 990 2584 iu
1012 2517 1062 2583 his
1085 2537 1212 2602 quoque
1233 2521 1406 2606 analogia.

146 2615 165 2699 ἐ
188 2620 229 2681 40
338 2625 387 2688 26.
417 2620 492 2687 Alia
514 2639 607 2687 easus
636 2619 757 2686 habeut
779 2627 812 2686 et
832 2626 935 2687 reetus
958 2625 990 2686 et
1011 2620 1174 2704 obliquus,
1207 2621 1273 2688 alia
1295 2631 1407 2694 rectus

1346 2791 1408 2798 α,-

216 2868 222 2881 ’
334 2889 511 2953 deffinitum]
535 2887 643 2943 finitum
670 2888 899 2956 Augustinus.
927 2920 961 2928 -
987 2891 1114 2959 quartum
1137 2892 1169 2945 ut
1191 2888 1300 2944 finitum
1324 2891 1354 2948 H
1377 2903 1405 2950 01

242 2974 358 3044 punctis
376 2978 472 3027 notato
490 2972 578 3027 medio
595 2972 727 3027 vocabulo
746 2973 778 3028 G.
801 3003 834 3012 —
858 2977 873 3028 3
892 2975 964 3044 quud
982 2975 1027 3038 ad]
1044 2974 1106 3043 LSp
1124 2973 1193 3029 duce
1209 2974 1298 3044 vulg.
1318 2979 1405 3046 (quae

248 3057 358 3126 quoad),
376 3057 448 3127 quud
465 3057 498 3111 F.
517 3058 555 3127 cf.
574 3058 710 3113 Lachm.
729 3057 765 3112 ad
783 3057 893 3113 Lueret.
912 3074 940 3127 p.
952 3061 1010 3126 331,
1029 3057 1149 3114 Reiter
1165 3076 1193 3128 p.
1212 3064 1253 3126 54,
1272 3060 1402 3119 O.F.W.

247 3140 373 3196 111111οι
389 3159 417 3212 p.
437 3145 496 3196 600.
514 3143 587 3210 quud
604 3145 696 3197 servat
714 3140 824 3196 Groth
841 3141 903 3196 coll.
922 3141 1073 3198 Kettner
1090 3160 1117 3212 p.
1133 3149 1173 3212 11,
1191 3146 1260 3212 Aug.
1272 3143 1403 3202 Miller

248 3244 275 3297 p.
289 3231 331 3280 60.
349 3257 384 3265 -
402 3232 418 3281 5
435 3223 512 3296 ‘furt
532 3231 624 3281 utrum
641 3218 737 3281 uuum'
755 3224 824 3294 LSp.
843 3256 877 3264 —
896 3230 912 3280 6
929 3229 1007 3291 haee]
1024 3228 1077 3283 600
1093 3228 1126 3296 F,
1143 3231 1197 3284 hae
1213 3229 1300 3297 vulg.
1314 3246 1355 3285 ex
1367 3233 1401 3286 B.

248 3314 318 3367 haec
334 3313 388 3366 hee
406 3311 533 3368 Christ.
550 3311 620 3382 fort.
639 3310 692 3366 del.
709 3342 744 3352 -
762 3317 776 3364 1
795 3311 904 3367 comuni
915 3311 948 3380 F,
966 3313 1115 3368 eommunis
1133 3328 1159 3381 a,
1177 3328 1318 3368 commune
1330 3315 1401 3372 GH.

249 3428 281 3438 —
300 3396 366 3461 uuis]
384 3396 456 3466 LSp,
473 3395 544 3451 iouis
557 3395 590 3449 F.
608 3395 699 3451 ‘verba
717 3411 753 3451 an
771 3397 905 3452 cummuni
922 3401 954 3451 ut
971 3397 1042 3452 Iovis
1059 3396 1128 3464 sort.
1146 3397 1209 3461 det,
1226 3404 1299 3454 uerte
1316 3403 1400 3458 scrib.

249 3476 318 3539 ouis'
335 3482 407 3551 LSp.
425 3513 459 3522 —
480 3484 495 3534 8
514 3479 649 3545 diseretis]
667 3480 898 3549 Augustinus,
916 3481 1034 3536 decretis
1052 3482 1084 3550 F,
1102 3482 1137 3538 de
1156 3482 1254 3538 ueteris
1271 3500 1298 3552 p,
1317 3484 1401 3542 dietis

248 3585 389 3652 Laetus,
414 3580 493 3653 ‘fort
513 3578 637 3638 seeretis’
660 3581 732 3651 Lsp.
758 3612 793 3622 -
818 3563 929 3652 singula⁸
943 3585 967 3639 F
986 3583 1076 3654 (Keil),
1094 3601 1106 3640 s
1124 3584 1187 3640 add.
1205 3601 1277 3639 man.
1296 3586 1402 3643 aluid.

248 3685 301 3725 sec.
327 3669 427 3739 [ASp.).
452 3698 485 3707 -
513 3671 542 3722 11
561 3666 665 3722 hubent
688 3683 761 3721 corr.
779 3683 816 3722 ex
832 3669 918 3725 hebet
934 3669 966 3724 F.
995 3699 1026 3709 —
1053 3671 1170 3740 quedam
1187 3670 1219 3724 F.
1244 3698 1278 3709 -
1301 3685 1401 3727 cerrus

249 3758 339 3818 cerva]
352 3748 443 3823 ‘infra
454 3752 494 3806 IX
507 3754 523 3818 §
536 3755 578 3820 55,
591 3755 623 3806 56
642 3766 739 3807 curvus
757 3750 851 3808 uurua'
870 3753 942 3824 LSp.
961 3784 995 3793 -
1014 3759 1046 3808 14
1057 3756 1159 3826 plures]
1177 3756 1231 3811 duo
1250 3754 1295 3810 cui
1311 3771 1402 3826 supra

248 3854 300 3894 ser.
313 3838 406 3909 plures
418 3836 442 3891 F
454 3836 543 3903 (Keil).
561 3867 595 3876 -
615 3840 645 3890 15
658 3837 820 3901 debuerunt]
832 3837 918 3908 vulg.
929 3855 967 3894 ex
975 3841 1008 3908 Β,
1026 3841 1170 3897 debuerint
1181 3841 1214 3896 F.
1233 3870 1266 3879 —
1285 3844 1316 3894 11
1328 3841 1401 3896 mul·

248 3922 375 3979 titudinis
394 3926 465 3986 sunt]
483 3916 563 3992 ‘fort
580 3920 762 3977 multitudinis
780 3923 867 3978 solum
884 3923 948 3979 coll.
967 3924 1008 3979 IX
1024 3926 1041 3994 ᾗ
1060 3923 1105 3980 63’
1125 3926 1196 3994 usp.
1223 3956 1258 3964 -
1283 3924 1400 3992 salinae]

247 4003 328 4076 ‘fort
347 4007 438 4064 scalae
454 4007 570 4063 balneae
589 4047 596 4060 .
616 4046 622 4060 .
642 4006 717 4061 suala
734 4011 762 4062 et
779 4008 878 4064 balnea
895 4009 954 4064 roll.
973 4009 999 4063 X
1017 4011 1034 4079 5
1052 4014 1095 4079 54,
1112 4009 1159 4077 IX,
1178 4005 1222 4063 68'
1247 4009 1319 4080 LSp.
1346 4011 1403 4066 nisi

246 4090 342 4162 potius
362 4093 392 4145 ia
408 4107 464 4164 seq.
482 4092 533 4147 del.
551 4095 580 4147 et
596 4092 702 4146 balnea.
728 4122 761 4131 -
783 4095 815 4146 18
834 4094 942 4159 balnea]
961 4095 1077 4150 balneae
1093 4096 1125 4150 B.
1143 4123 1177 4134 -
1196 4097 1228 4147 10
1244 4094 1400 4150 multitudi-

249 4190 312 4230 nem
329 4175 465 4232 Laetus.
488 4207 522 4217 —
546 4181 578 4232 20
596 4175 741 4231 debuerint
758 4176 855 4247 utta,
873 4178 1012 4234 Laetus.
1038 4209 1072 4218 -
1098 4181 1128 4233 21
1148 4193 1254 4247 quoque
1271 4180 1300 4235 ia
1317 4195 1400 4235 versu

250 4276 303 4316 om.
321 4276 396 4332 supr.
416 4260 464 4316 lin.
482 4260 546 4316 add.
565 4260 598 4316 F.
617 4292 649 4302 -
668 4264 701 4316 22
719 4260 775 4316 ulie
792 4277 871 4318 ussus
889 4263 946 4319 alia
963 4278 1043 4320 eusus
1061 4262 1154 4332 FVp.
