<?xml version="1.0" encoding="UTF-8"?>
<!DOCTYPE html PUBLIC "-//W3C//DTD XHTML 1.0 Transitional//EN"
    "http://www.w3.org/TR/xhtml1/DTD/xhtml1-transitional.dtd">
<html xmlns="http://www.w3.org/1999/xhtml" xml:lang="en" lang="en">
 <head>
  <title>
</title>
<meta http-equiv="Content-Type" content="text/html;charset=utf-8" />
  <meta name='ocr-system' content='tesseract 3.04.00' />
  <meta name='ocr-capabilities' content='ocr_page ocr_carea ocr_par ocr_line ocrx_word'/>
</head>
<body>
  <div class='ocr_page' id='page_1' title='image "./mterentivarroni00varrgoog_0084.png"; bbox 0 0 3038 5048; ppageno 0'>
   <div class='ocr_carea' id='block_1_1' title="bbox 585 291 1256 350">
    <p class='ocr_par' dir='ltr' id='par_1_1' title="bbox 585 291 1256 350">
     <span class='ocr_line' id='line_1_1' title="bbox 585 291 1256 350; baseline 0.007 -6"><span class='ocrx_word' id='word_1_1' title='bbox 585 291 677 345; x_wconf 77' lang='lat' dir='ltr'><strong><em>Satura</em></strong></span> <span class='ocrx_word' id='word_1_2' title='bbox 695 293 791 347; x_wconf 80' lang='lat' dir='ltr'><strong><em>critias.</em></strong></span> <span class='ocrx_word' id='word_1_3' title='bbox 1164 309 1256 350; x_wconf 69' lang='lat' dir='ltr'><strong><em>uxum</em></strong></span> 
     </span>
    </p>
   </div>
   <div class='ocr_carea' id='block_1_2' title="bbox 104 464 1263 3755">
    <p class='ocr_par' dir='ltr' id='par_1_2' title="bbox 107 464 1259 628">
     <span class='ocr_line' id='line_1_2' title="bbox 110 464 1259 544; baseline 0.002 -18"><span class='ocrx_word' id='word_1_4' title='bbox 110 470 138 526; x_wconf 88' lang='lat' dir='ltr'><strong><em>in</em></strong></span> <span class='ocrx_word' id='word_1_5' title='bbox 160 485 215 544; x_wconf 90' lang='lat' dir='ltr'><strong><em>qno</em></strong></span> <span class='ocrx_word' id='word_1_6' title='bbox 236 475 340 525; x_wconf 81' lang='lat' dir='ltr'><strong><em>iuuant</em></strong></span> <span class='ocrx_word' id='word_1_7' title='bbox 361 474 464 523; x_wconf 87' lang='lat' dir='ltr'><strong><em>certum</em></strong></span> <span class='ocrx_word' id='word_1_8' title='bbox 485 465 604 531; x_wconf 87' lang='lat' dir='ltr'><strong><em>videtur;</em></strong></span> <span class='ocrx_word' id='word_1_9' title='bbox 634 464 783 522; x_wconf 84' lang='lat' dir='ltr'><strong><em>subiectum</em></strong></span> <span class='ocrx_word' id='word_1_10' title='bbox 806 465 876 521; x_wconf 88' lang='lat' dir='ltr'><strong><em>euim</em></strong></span> <span class='ocrx_word' id='word_1_11' title='bbox 898 482 953 521; x_wconf 90' lang='lat' dir='ltr'><strong><em>non</em></strong></span> <span class='ocrx_word' id='word_1_12' title='bbox 975 465 1089 539; x_wconf 77' lang='lat' dir='ltr'>Iupiter,</span> <span class='ocrx_word' id='word_1_13' title='bbox 1120 470 1166 526; x_wconf 86' lang='lat' dir='ltr'><strong><em>sed</em></strong></span> <span class='ocrx_word' id='word_1_14' title='bbox 1192 471 1259 528; x_wconf 84' lang='lat' dir='ltr'><strong><em>istnc</em></strong></span> 
     </span>
     <span class='ocr_line' id='line_1_3' title="bbox 107 544 1053 628; baseline -0.004 -18"><span class='ocrx_word' id='word_1_15' title='bbox 107 569 160 618; x_wconf 85' lang='lat' dir='ltr'><strong><em>res,</em></strong></span> <span class='ocrx_word' id='word_1_16' title='bbox 184 569 261 628; x_wconf 83' lang='lat' dir='ltr'><strong><em>quae,</em></strong></span> <span class='ocrx_word' id='word_1_17' title='bbox 289 552 362 624; x_wconf 89' lang='lat' dir='ltr'><strong><em>quod</em></strong></span> <span class='ocrx_word' id='word_1_18' title='bbox 384 550 473 607; x_wconf 87' lang='lat' dir='ltr'><strong><em>omnia</em></strong></span> <span class='ocrx_word' id='word_1_19' title='bbox 493 550 595 614; x_wconf 81' lang='lat' dir='ltr'><strong><em>iuvent,</em></strong></span> <span class='ocrx_word' id='word_1_20' title='bbox 617 549 687 606; x_wconf 87' lang='lat' dir='ltr'><strong><em>lovis</em></strong></span> <span class='ocrx_word' id='word_1_21' title='bbox 709 551 816 607; x_wconf 89' lang='lat' dir='ltr'><strong><em>nomine</em></strong></span> <span class='ocrx_word' id='word_1_22' title='bbox 838 544 1053 623; x_wconf 78' lang='lat' dir='ltr'><strong><em>celebrantur.*)</em></strong></span> 
     </span>
    </p>

    <p class='ocr_par' dir='ltr' id='par_1_3' title="bbox 104 717 1261 2991">
     <span class='ocr_line' id='line_1_4' title="bbox 193 717 1258 791; baseline 0.001 -15"><span class='ocrx_word' id='word_1_23' title='bbox 193 718 335 791; x_wconf 80' lang='lat' dir='ltr'><strong><em>Analopia</em></strong></span> <span class='ocrx_word' id='word_1_24' title='bbox 357 734 429 791; x_wconf 91' lang='lat' dir='ltr'><strong><em>quae</em></strong></span> <span class='ocrx_word' id='word_1_25' title='bbox 451 718 569 783; x_wconf 84' lang='lat' dir='ltr'><strong><em>dicitur,</em></strong></span> <span class='ocrx_word' id='word_1_26' title='bbox 593 718 651 773; x_wconf 87' lang='lat' dir='ltr'><strong><em>eius</em></strong></span> <span class='ocrx_word' id='word_1_27' title='bbox 672 733 777 788; x_wconf 85' lang='lat' dir='ltr'><strong><em>qenera</em></strong></span> <span class='ocrx_word' id='word_1_28' title='bbox 799 724 865 772; x_wconf 88' lang='lat' dir='ltr'><strong><em>sunt</em></strong></span> <span class='ocrx_word' id='word_1_29' title='bbox 886 717 957 783; x_wconf 87' lang='lat' dir='ltr'><strong><em>duo,·</em></strong></span> <span class='ocrx_word' id='word_1_30' title='bbox 991 734 1077 774; x_wconf 89' lang='lat' dir='ltr'><strong><em>uuum</em></strong></span> <span class='ocrx_word' id='word_1_31' title='bbox 1099 720 1258 777; x_wconf 87' lang='lat' dir='ltr'><strong><em>deiunctum</em></strong></span> 
     </span>
     <span class='ocr_line' id='line_1_5' title="bbox 106 802 1257 873; baseline -0.001 -11"><span class='ocrx_word' id='word_1_32' title='bbox 106 806 149 862; x_wconf 89' lang='lat' dir='ltr'><strong><em>sic</em></strong></span> <span class='ocrx_word' id='word_1_33' title='bbox 173 813 222 869; x_wconf 85' lang='lat' dir='ltr'><strong><em>est,</em></strong></span> <span class='ocrx_word' id='word_1_34' title='bbox 245 811 276 859; x_wconf 86' lang='lat' dir='ltr'><strong><em>nt</em></strong></span> <span class='ocrx_word' id='word_1_35' title='bbox 297 820 383 858; x_wconf 86' lang='lat' dir='ltr'><strong><em>nuum</em></strong></span> <span class='ocrx_word' id='word_1_36' title='bbox 406 804 444 859; x_wconf 93' lang='lat' dir='ltr'><strong><em>ad</em></strong></span> <span class='ocrx_word' id='word_1_37' title='bbox 466 803 530 868; x_wconf 83' lang='lat' dir='ltr'><strong><em>dno,</em></strong></span> <span class='ocrx_word' id='word_1_38' title='bbox 553 803 594 858; x_wconf 87' lang='lat' dir='ltr'><strong><em>sic</em></strong></span> <span class='ocrx_word' id='word_1_39' title='bbox 616 803 708 858; x_wconf 87' lang='lat' dir='ltr'><strong><em>decem</em></strong></span> <span class='ocrx_word' id='word_1_40' title='bbox 730 803 769 857; x_wconf 93' lang='lat' dir='ltr'><strong><em>ad</em></strong></span> <span class='ocrx_word' id='word_1_41' title='bbox 789 802 903 873; x_wconf 84' lang='lat' dir='ltr'><strong><em>oipinti‚·</em></strong></span> <span class='ocrx_word' id='word_1_42' title='bbox 937 802 1057 858; x_wconf 86' lang='lat' dir='ltr'><strong><em>alterum</em></strong></span> <span class='ocrx_word' id='word_1_43' title='bbox 1079 805 1257 862; x_wconf 86' lang='lat' dir='ltr'><strong><em>coniunctum</em></strong></span> 
     </span>
     <span class='ocr_line' id='line_1_6' title="bbox 106 887 1258 960; baseline -0.002 -14"><span class='ocrx_word' id='word_1_44' title='bbox 106 891 150 946; x_wconf 98' lang='grc' dir='ltr'><strong><em>εἰσ</em></strong></span> <span class='ocrx_word' id='word_1_45' title='bbox 173 895 228 954; x_wconf 91' lang='lat' dir='ltr'><strong><em>est,</em></strong></span> <span class='ocrx_word' id='word_1_46' title='bbox 258 895 288 943; x_wconf 93' lang='lat' dir='ltr'><strong><em>ut</em></strong></span> <span class='ocrx_word' id='word_1_47' title='bbox 309 904 394 943; x_wconf 85' lang='lat' dir='ltr'><strong><em>unum</em></strong></span> <span class='ocrx_word' id='word_1_48' title='bbox 417 888 455 943; x_wconf 93' lang='lat' dir='ltr'><strong><em>ad</em></strong></span> <span class='ocrx_word' id='word_1_49' title='bbox 476 887 545 951; x_wconf 90' lang='lat' dir='ltr'><strong><em>duo,</em></strong></span> <span class='ocrx_word' id='word_1_50' title='bbox 569 888 609 942; x_wconf 90' lang='lat' dir='ltr'><strong><em>sia</em></strong></span> <span class='ocrx_word' id='word_1_51' title='bbox 631 888 687 943; x_wconf 88' lang='lat' dir='ltr'><strong><em>duo</em></strong></span> <span class='ocrx_word' id='word_1_52' title='bbox 711 887 749 941; x_wconf 96' lang='lat' dir='ltr'><strong><em>ad</em></strong></span> <span class='ocrx_word' id='word_1_53' title='bbox 770 892 902 959; x_wconf 88' lang='lat' dir='ltr'><strong><em>quattuor</em></strong></span> <span class='ocrx_word' id='word_1_54' title='bbox 924 926 931 941; x_wconf 92' lang='lat'><strong>.</strong></span> <span class='ocrx_word' id='word_1_55' title='bbox 956 926 964 942; x_wconf 88' lang='lat'><em>.</em></span> <span class='ocrx_word' id='word_1_56' title='bbox 987 889 1187 960; x_wconf 76' lang='lat' dir='ltr'><strong><em>quadruplices</em></strong></span> <span class='ocrx_word' id='word_1_57' title='bbox 1210 891 1258 944; x_wconf 91' lang='lat' dir='ltr'><strong><em>de·</em></strong></span> 
     </span>
     <span class='ocr_line' id='line_1_7' title="bbox 106 966 1261 1042; baseline 0 -12"><span class='ocrx_word' id='word_1_58' title='bbox 106 976 222 1031; x_wconf 88' lang='lat' dir='ltr'><strong><em>iunctae</em></strong></span> <span class='ocrx_word' id='word_1_59' title='bbox 249 973 280 1028; x_wconf 88' lang='lat' dir='ltr'><strong><em>in</em></strong></span> <span class='ocrx_word' id='word_1_60' title='bbox 307 973 418 1028; x_wconf 86' lang='lat' dir='ltr'><strong><em>casibus</em></strong></span> <span class='ocrx_word' id='word_1_61' title='bbox 446 979 512 1027; x_wconf 91' lang='lat' dir='ltr'><strong><em>sunt</em></strong></span> <span class='ocrx_word' id='word_1_62' title='bbox 532 972 749 1036; x_wconf 84' lang='lat' dir='ltr'><strong><em>uocabulorum,</em></strong></span> <span class='ocrx_word' id='word_1_63' title='bbox 783 979 813 1027; x_wconf 87' lang='lat' dir='ltr'><strong><em>ut</em></strong></span> <span class='ocrx_word' id='word_1_64' title='bbox 835 971 895 1026; x_wconf 81' lang='lat' dir='ltr'><strong><em>llea</em></strong></span> <span class='ocrx_word' id='word_1_65' title='bbox 918 966 1058 1042; x_wconf 77' lang='lat' dir='ltr'><strong><em>Repi;**)</em></strong></span> <span class='ocrx_word' id='word_1_66' title='bbox 1093 975 1261 1030; x_wconf 88' lang='lat' dir='ltr'><strong><em>coniunctae</em></strong></span> 
     </span>
     <span class='ocr_line' id='line_1_8' title="bbox 106 1055 1256 1130; baseline -0.001 -16"><span class='ocrx_word' id='word_1_67' title='bbox 106 1065 174 1114; x_wconf 86' lang='lat' dir='ltr'><strong><em>sunt</em></strong></span> <span class='ocrx_word' id='word_1_68' title='bbox 196 1058 320 1130; x_wconf 74' lang='lat' dir='ltr'><strong><em>triplices</em></strong></span> <span class='ocrx_word' id='word_1_69' title='bbox 342 1057 372 1112; x_wconf 91' lang='lat' dir='ltr'><strong><em>in</em></strong></span> <span class='ocrx_word' id='word_1_70' title='bbox 387 1057 535 1112; x_wconf 89' lang='lat' dir='ltr'><strong><em>uerborum</em></strong></span> <span class='ocrx_word' id='word_1_71' title='bbox 550 1057 639 1112; x_wconf 84' lang='lat' dir='ltr'><strong><em>tribus</em></strong></span> <span class='ocrx_word' id='word_1_72' title='bbox 655 1055 833 1128; x_wconf 71' lang='lat' dir='ltr'><strong><em>temporibus,</em></strong></span> <span class='ocrx_word' id='word_1_73' title='bbox 856 1061 886 1110; x_wconf 92' lang='lat' dir='ltr'><strong><em>ut</em></strong></span> <span class='ocrx_word' id='word_1_74' title='bbox 902 1055 1040 1127; x_wconf 85' lang='lat' dir='ltr'><strong><em>Lepebam</em></strong></span> <span class='ocrx_word' id='word_1_75' title='bbox 1053 1057 1128 1129; x_wconf 84' lang='lat' dir='ltr'><strong><em>Lepo</em></strong></span> <span class='ocrx_word' id='word_1_76' title='bbox 1145 1059 1256 1129; x_wconf 74' lang='lat' dir='ltr'><strong><em>beqam,</em></strong></span> 
     </span>
     <span class='ocr_line' id='line_1_9' title="bbox 108 1139 1257 1216; baseline 0.001 -18"><span class='ocrx_word' id='word_1_77' title='bbox 108 1142 184 1216; x_wconf 88' lang='lat' dir='ltr'><strong><em>qnod</em></strong></span> <span class='ocrx_word' id='word_1_78' title='bbox 198 1157 283 1214; x_wconf 89' lang='lat' dir='ltr'><strong><em>quam</em></strong></span> <span class='ocrx_word' id='word_1_79' title='bbox 296 1142 435 1198; x_wconf 89' lang='lat' dir='ltr'><strong><em>rationem</em></strong></span> <span class='ocrx_word' id='word_1_80' title='bbox 448 1140 533 1196; x_wconf 88' lang='lat' dir='ltr'><strong><em>babet</em></strong></span> <span class='ocrx_word' id='word_1_81' title='bbox 547 1142 673 1212; x_wconf 86' lang='lat' dir='ltr'><strong><em>leqebam</em></strong></span> <span class='ocrx_word' id='word_1_82' title='bbox 687 1141 726 1196; x_wconf 93' lang='lat' dir='ltr'><strong><em>ad</em></strong></span> <span class='ocrx_word' id='word_1_83' title='bbox 741 1141 812 1212; x_wconf 86' lang='lat' dir='ltr'><strong><em>lepo‚</em></strong></span> <span class='ocrx_word' id='word_1_84' title='bbox 834 1139 908 1195; x_wconf 90' lang='lat' dir='ltr'><strong><em>bana</em></strong></span> <span class='ocrx_word' id='word_1_85' title='bbox 929 1141 1014 1197; x_wconf 87' lang='lat' dir='ltr'><strong><em>babet</em></strong></span> <span class='ocrx_word' id='word_1_86' title='bbox 1028 1142 1089 1214; x_wconf 86' lang='lat' dir='ltr'><strong><em>ieqo</em></strong></span> <span class='ocrx_word' id='word_1_87' title='bbox 1105 1144 1143 1198; x_wconf 91' lang='lat' dir='ltr'><strong><em>ad</em></strong></span> <span class='ocrx_word' id='word_1_88' title='bbox 1158 1144 1257 1214; x_wconf 84' lang='lat' dir='ltr'><strong><em>lepam.</em></strong></span> 
     </span>
     <span class='ocr_line' id='line_1_10' title="bbox 107 1225 1259 1298; baseline 0.001 -15"><span class='ocrx_word' id='word_1_89' title='bbox 107 1227 143 1283; x_wconf 88' lang='lat' dir='ltr'><strong><em>ln</em></strong></span> <span class='ocrx_word' id='word_1_90' title='bbox 164 1225 216 1281; x_wconf 90' lang='lat' dir='ltr'><strong><em>boo</em></strong></span> <span class='ocrx_word' id='word_1_91' title='bbox 237 1225 298 1297; x_wconf 77' lang='lat' dir='ltr'><strong><em>sere</em></strong></span> <span class='ocrx_word' id='word_1_92' title='bbox 321 1241 416 1282; x_wconf 88' lang='lat' dir='ltr'><strong><em>omnes</em></strong></span> <span class='ocrx_word' id='word_1_93' title='bbox 437 1225 562 1280; x_wconf 88' lang='lat' dir='ltr'><strong><em>bomines</em></strong></span> <span class='ocrx_word' id='word_1_94' title='bbox 587 1232 722 1298; x_wconf 88' lang='lat' dir='ltr'><strong><em>peccant,</em></strong></span> <span class='ocrx_word' id='word_1_95' title='bbox 753 1225 828 1297; x_wconf 89' lang='lat' dir='ltr'><strong><em>quod</em></strong></span> <span class='ocrx_word' id='word_1_96' title='bbox 854 1241 1006 1298; x_wconf 79' lang='lat' dir='ltr'><strong><em>perperam</em></strong></span> <span class='ocrx_word' id='word_1_97' title='bbox 1026 1227 1057 1282; x_wconf 90' lang='lat' dir='ltr'><strong><em>iu</em></strong></span> <span class='ocrx_word' id='word_1_98' title='bbox 1080 1228 1169 1283; x_wconf 84' lang='lat' dir='ltr'><strong><em>tribus</em></strong></span> <span class='ocrx_word' id='word_1_99' title='bbox 1192 1235 1259 1284; x_wconf 93' lang='lat' dir='ltr'><strong><em>tem-</em></strong></span> 
     </span>
     <span class='ocr_line' id='line_1_11' title="bbox 104 1310 1258 1384; baseline 0.003 -18"><span class='ocrx_word' id='word_1_100' title='bbox 104 1312 225 1384; x_wconf 85' lang='lat' dir='ltr'><strong><em>poribus</em></strong></span> <span class='ocrx_word' id='word_1_101' title='bbox 239 1310 310 1366; x_wconf 88' lang='lat' dir='ltr'><strong><em>baec</em></strong></span> <span class='ocrx_word' id='word_1_102' title='bbox 324 1311 412 1366; x_wconf 92' lang='lat' dir='ltr'><strong><em>oerba</em></strong></span> <span class='ocrx_word' id='word_1_103' title='bbox 427 1311 531 1374; x_wconf 77' lang='lat' dir='ltr'><strong><em>dicum,</em></strong></span> <span class='ocrx_word' id='word_1_104' title='bbox 554 1326 615 1364; x_wconf 90' lang='lat' dir='ltr'><strong><em>cum</em></strong></span> <span class='ocrx_word' id='word_1_105' title='bbox 633 1310 819 1382; x_wconf 72' lang='lat' dir='ltr'><strong><em>proportione</em></strong></span> <span class='ocrx_word' id='word_1_106' title='bbox 840 1310 938 1366; x_wconf 89' lang='lat' dir='ltr'><strong><em>uolunt</em></strong></span> <span class='ocrx_word' id='word_1_107' title='bbox 956 1314 1154 1383; x_wconf 88' lang='lat' dir='ltr'><strong><em>pronuntiare.</em></strong></span> <span class='ocrx_word' id='word_1_108' title='bbox 1191 1330 1258 1369; x_wconf 89' lang='lat' dir='ltr'><strong><em>nam</em></strong></span> 
     </span>
     <span class='ocr_line' id='line_1_12' title="bbox 109 1393 1257 1470; baseline 0.001 -19"><span class='ocrx_word' id='word_1_109' title='bbox 109 1412 171 1452; x_wconf 88' lang='lat' dir='ltr'><strong><em>cnm</em></strong></span> <span class='ocrx_word' id='word_1_110' title='bbox 191 1395 248 1451; x_wconf 88' lang='lat' dir='ltr'><strong><em>sint</em></strong></span> <span class='ocrx_word' id='word_1_111' title='bbox 269 1395 357 1451; x_wconf 88' lang='lat' dir='ltr'><strong><em>uerba</em></strong></span> <span class='ocrx_word' id='word_1_112' title='bbox 379 1396 440 1451; x_wconf 88' lang='lat' dir='ltr'><strong><em>alia</em></strong></span> <span class='ocrx_word' id='word_1_113' title='bbox 461 1393 577 1465; x_wconf 76' lang='lat' dir='ltr'><strong><em>insecta,</em></strong></span> <span class='ocrx_word' id='word_1_114' title='bbox 600 1402 630 1451; x_wconf 90' lang='lat' dir='ltr'><strong><em>ut</em></strong></span> <span class='ocrx_word' id='word_1_115' title='bbox 653 1394 727 1465; x_wconf 84' lang='lat' dir='ltr'><strong><em>Leqo</em></strong></span> <span class='ocrx_word' id='word_1_116' title='bbox 743 1402 770 1448; x_wconf 91' lang='lat' dir='ltr'><strong><em>et</em></strong></span> <span class='ocrx_word' id='word_1_117' title='bbox 786 1393 876 1465; x_wconf 81' lang='lat' dir='ltr'><strong><em>Lapis,</em></strong></span> <span class='ocrx_word' id='word_1_118' title='bbox 899 1395 961 1450; x_wconf 88' lang='lat' dir='ltr'><strong><em>alia</em></strong></span> <span class='ocrx_word' id='word_1_119' title='bbox 979 1395 1120 1468; x_wconf 69' lang='lat' dir='ltr'><strong><em>perfecta,</em></strong></span> <span class='ocrx_word' id='word_1_120' title='bbox 1142 1404 1172 1454; x_wconf 89' lang='lat' dir='ltr'><strong><em>ut</em></strong></span> <span class='ocrx_word' id='word_1_121' title='bbox 1189 1397 1257 1470; x_wconf 83' lang='lat' dir='ltr'><strong><em>Lepi</em></strong></span> 
     </span>
     <span class='ocr_line' id='line_1_13' title="bbox 110 1479 1257 1554; baseline 0.003 -19"><span class='ocrx_word' id='word_1_122' title='bbox 110 1488 136 1536; x_wconf 89' lang='lat' dir='ltr'><strong><em>et</em></strong></span> <span class='ocrx_word' id='word_1_123' title='bbox 158 1479 276 1551; x_wconf 77' lang='lat' dir='ltr'><strong><em>lepisti,</em></strong></span> <span class='ocrx_word' id='word_1_124' title='bbox 310 1488 336 1535; x_wconf 89' lang='lat' dir='ltr'><strong><em>et</em></strong></span> <span class='ocrx_word' id='word_1_125' title='bbox 359 1480 478 1535; x_wconf 90' lang='lat' dir='ltr'><strong><em>debeant</em></strong></span> <span class='ocrx_word' id='word_1_126' title='bbox 499 1480 543 1536; x_wconf 86' lang='lat' dir='ltr'><strong><em>sui</em></strong></span> <span class='ocrx_word' id='word_1_127' title='bbox 565 1479 699 1550; x_wconf 89' lang='lat' dir='ltr'><strong><em>cuiusque</em></strong></span> <span class='ocrx_word' id='word_1_128' title='bbox 718 1480 834 1550; x_wconf 79' lang='lat' dir='ltr'><strong><em>poneris</em></strong></span> <span class='ocrx_word' id='word_1_129' title='bbox 851 1479 883 1534; x_wconf 86' lang='lat' dir='ltr'><strong><em>in</em></strong></span> <span class='ocrx_word' id='word_1_130' title='bbox 905 1481 1096 1552; x_wconf 86' lang='lat' dir='ltr'><strong><em>coniunqendo</em></strong></span> <span class='ocrx_word' id='word_1_131' title='bbox 1119 1484 1257 1554; x_wconf 89' lang='lat' dir='ltr'><strong><em>copulari,</em></strong></span> 
     </span>
     <span class='ocr_line' id='line_1_14' title="bbox 109 1565 1256 1640; baseline 0.002 -20"><span class='ocrx_word' id='word_1_132' title='bbox 109 1572 136 1620; x_wconf 87' lang='lat' dir='ltr'><strong><em>et</em></strong></span> <span class='ocrx_word' id='word_1_133' title='bbox 158 1580 220 1620; x_wconf 87' lang='lat' dir='ltr'><strong><em>oum</em></strong></span> <span class='ocrx_word' id='word_1_134' title='bbox 240 1571 314 1619; x_wconf 87' lang='lat' dir='ltr'><strong><em>recte</em></strong></span> <span class='ocrx_word' id='word_1_135' title='bbox 336 1565 372 1620; x_wconf 91' lang='lat' dir='ltr'><strong><em>sit</em></strong></span> <span class='ocrx_word' id='word_1_136' title='bbox 393 1565 457 1620; x_wconf 91' lang='lat' dir='ltr'><strong><em>ideo</em></strong></span> <span class='ocrx_word' id='word_1_137' title='bbox 479 1565 541 1640; x_wconf 92' lang='lat' dir='ltr'><strong><em>leqo</em></strong></span> <span class='ocrx_word' id='word_1_138' title='bbox 564 1572 591 1619; x_wconf 90' lang='lat' dir='ltr'><strong><em>et</em></strong></span> <span class='ocrx_word' id='word_1_139' title='bbox 613 1565 750 1636; x_wconf 86' lang='lat' dir='ltr'><strong><em>lcqebam‚</em></strong></span> <span class='ocrx_word' id='word_1_140' title='bbox 781 1580 840 1619; x_wconf 92' lang='lat' dir='ltr'><strong><em>non</em></strong></span> <span class='ocrx_word' id='word_1_141' title='bbox 869 1571 943 1619; x_wconf 89' lang='lat' dir='ltr'><strong><em>recte</em></strong></span> <span class='ocrx_word' id='word_1_142' title='bbox 972 1571 1013 1620; x_wconf 90' lang='lat' dir='ltr'><strong><em>est</em></strong></span> <span class='ocrx_word' id='word_1_143' title='bbox 1040 1567 1100 1635; x_wconf 85' lang='lat' dir='ltr'><strong><em>lepo</em></strong></span> <span class='ocrx_word' id='word_1_144' title='bbox 1129 1567 1168 1621; x_wconf 93' lang='lat' dir='ltr'><strong><em>ad</em></strong></span> <span class='ocrx_word' id='word_1_145' title='bbox 1193 1568 1256 1638; x_wconf 87' lang='lat' dir='ltr'><strong><em>lepi,</em></strong></span> 
     </span>
     <span class='ocr_line' id='line_1_15' title="bbox 109 1646 1257 1723; baseline 0.002 -19"><span class='ocrx_word' id='word_1_146' title='bbox 109 1649 183 1722; x_wconf 88' lang='lat' dir='ltr'><strong><em>quod</em></strong></span> <span class='ocrx_word' id='word_1_147' title='bbox 204 1650 258 1720; x_wconf 84' lang='lat' dir='ltr'><strong><em>lepi</em></strong></span> <span class='ocrx_word' id='word_1_148' title='bbox 279 1649 419 1721; x_wconf 77' lang='lat' dir='ltr'><strong><em>siqnificat</em></strong></span> <span class='ocrx_word' id='word_1_149' title='bbox 441 1649 514 1721; x_wconf 83' lang='lat' dir='ltr'><strong><em>quod</em></strong></span> <span class='ocrx_word' id='word_1_150' title='bbox 532 1648 702 1721; x_wconf 69' lang='lat' dir='ltr'><strong><em>perfectum,</em></strong></span> <span class='ocrx_word' id='word_1_151' title='bbox 724 1655 755 1703; x_wconf 85' lang='lat' dir='ltr'><strong><em>nt</em></strong></span> <span class='ocrx_word' id='word_1_152' title='bbox 776 1646 847 1704; x_wconf 89' lang='lat' dir='ltr'><strong><em>baec</em></strong></span> <span class='ocrx_word' id='word_1_153' title='bbox 872 1649 983 1715; x_wconf 86' lang='lat' dir='ltr'><strong><em>Tutudi,</em></strong></span> <span class='ocrx_word' id='word_1_154' title='bbox 1006 1649 1124 1723; x_wconf 84' lang='lat' dir='ltr'><strong><em>Pupupi,</em></strong></span> <span class='ocrx_word' id='word_1_155' title='bbox 1152 1650 1257 1716; x_wconf 86' lang='lat' dir='ltr'><strong><em>Tando,</em></strong></span> 
     </span>
     <span class='ocr_line' id='line_1_16' title="bbox 110 1733 1259 1805; baseline 0.001 -16"><span class='ocrx_word' id='word_1_156' title='bbox 110 1733 217 1804; x_wconf 87' lang='lat' dir='ltr'><strong><em>Punpo‚</em></strong></span> <span class='ocrx_word' id='word_1_157' title='bbox 243 1734 376 1797; x_wconf 84' lang='lat' dir='ltr'><strong><em>Tundam,</em></strong></span> <span class='ocrx_word' id='word_1_158' title='bbox 400 1733 534 1805; x_wconf 81' lang='lat' dir='ltr'><strong><em>Punpam</em></strong></span> <span class='ocrx_word' id='word_1_159' title='bbox 556 1734 622 1790; x_wconf 91' lang='lat' dir='ltr'><strong><em>item</em></strong></span> <span class='ocrx_word' id='word_1_160' title='bbox 635 1733 705 1790; x_wconf 89' lang='lat' dir='ltr'><strong><em>baec</em></strong></span> <span class='ocrx_word' id='word_1_161' title='bbox 729 1741 807 1788; x_wconf 88' lang='lat' dir='ltr'><strong><em>catus</em></strong></span> <span class='ocrx_word' id='word_1_162' title='bbox 829 1749 896 1797; x_wconf 87' lang='lat' dir='ltr'><strong><em>sum,</em></strong></span> <span class='ocrx_word' id='word_1_163' title='bbox 920 1735 1084 1790; x_wconf 84' lang='lat' dir='ltr'><strong><em>verberatus</em></strong></span> <span class='ocrx_word' id='word_1_164' title='bbox 1106 1751 1174 1800; x_wconf 91' lang='lat' dir='ltr'><strong><em>sum,</em></strong></span> <span class='ocrx_word' id='word_1_165' title='bbox 1196 1752 1259 1790; x_wconf 87' lang='lat' dir='ltr'><strong><em>oer-</em></strong></span> 
     </span>
     <span class='ocr_line' id='line_1_17' title="bbox 110 1817 1257 1890; baseline 0.002 -16"><span class='ocrx_word' id='word_1_166' title='bbox 110 1819 248 1887; x_wconf 86' lang='lat' dir='ltr'><strong><em>berabor,</em></strong></span> <span class='ocrx_word' id='word_1_167' title='bbox 269 1818 377 1874; x_wconf 87' lang='lat' dir='ltr'><strong><em>iniuria</em></strong></span> <span class='ocrx_word' id='word_1_168' title='bbox 399 1817 620 1890; x_wconf 87' lang='lat' dir='ltr'><strong><em>reprebendant,</em></strong></span> <span class='ocrx_word' id='word_1_169' title='bbox 651 1819 723 1890; x_wconf 90' lang='lat' dir='ltr'><strong><em>quod</em></strong></span> <span class='ocrx_word' id='word_1_170' title='bbox 745 1824 771 1872; x_wconf 92' lang='lat' dir='ltr'><strong><em>et</em></strong></span> <span class='ocrx_word' id='word_1_171' title='bbox 792 1817 890 1889; x_wconf 87' lang='lat' dir='ltr'><strong><em>insecti</em></strong></span> <span class='ocrx_word' id='word_1_172' title='bbox 910 1820 985 1874; x_wconf 90' lang='lat' dir='ltr'><strong><em>inter</em></strong></span> <span class='ocrx_word' id='word_1_173' title='bbox 1005 1835 1036 1874; x_wconf 87' lang='lat' dir='ltr'><strong><em>se</em></strong></span> <span class='ocrx_word' id='word_1_174' title='bbox 1057 1820 1164 1876; x_wconf 81' lang='lat' dir='ltr'><strong><em>similia</em></strong></span> <span class='ocrx_word' id='word_1_175' title='bbox 1184 1828 1257 1886; x_wconf 88' lang='lat' dir='ltr'><strong><em>sunt,</em></strong></span> 
     </span>
     <span class='ocr_line' id='line_1_18' title="bbox 110 1902 1259 1975; baseline 0.003 -17"><span class='ocrx_word' id='word_1_176' title='bbox 110 1910 137 1959; x_wconf 87' lang='lat' dir='ltr'><strong><em>et</em></strong></span> <span class='ocrx_word' id='word_1_177' title='bbox 154 1902 275 1975; x_wconf 73' lang='lat' dir='ltr'><strong><em>perfecti</em></strong></span> <span class='ocrx_word' id='word_1_178' title='bbox 296 1904 370 1958; x_wconf 89' lang='lat' dir='ltr'><strong><em>inter</em></strong></span> <span class='ocrx_word' id='word_1_179' title='bbox 391 1918 430 1967; x_wconf 88' lang='lat' dir='ltr'><strong><em>se,</em></strong></span> <span class='ocrx_word' id='word_1_180' title='bbox 452 1909 482 1958; x_wconf 89' lang='lat' dir='ltr'><strong><em>nt</em></strong></span> <span class='ocrx_word' id='word_1_181' title='bbox 500 1903 660 1960; x_wconf 84' lang='lat' dir='ltr'><strong><em>Tundebam</em></strong></span> <span class='ocrx_word' id='word_1_182' title='bbox 685 1902 780 1958; x_wconf 85' lang='lat' dir='ltr'><strong><em>Tando</em></strong></span> <span class='ocrx_word' id='word_1_183' title='bbox 806 1902 938 1967; x_wconf 83' lang='lat' dir='ltr'><strong><em>Tundam,</em></strong></span> <span class='ocrx_word' id='word_1_184' title='bbox 962 1909 988 1958; x_wconf 88' lang='lat' dir='ltr'><strong><em>et</em></strong></span> <span class='ocrx_word' id='word_1_185' title='bbox 1013 1903 1180 1961; x_wconf 86' lang='lat' dir='ltr'><strong><em>Tatuderam</em></strong></span> <span class='ocrx_word' id='word_1_186' title='bbox 1206 1905 1259 1962; x_wconf 72' lang='lat' dir='ltr'><strong><em>Tu»</em></strong></span> 
     </span>
     <span class='ocr_line' id='line_1_19' title="bbox 111 1983 1259 2054; baseline 0.003 -12"><span class='ocrx_word' id='word_1_187' title='bbox 111 1988 171 2044; x_wconf 88' lang='lat' dir='ltr'><strong><em>tudi</em></strong></span> <span class='ocrx_word' id='word_1_188' title='bbox 196 1986 341 2052; x_wconf 84' lang='lat' dir='ltr'><strong><em>Tutudero,</em></strong></span> <span class='ocrx_word' id='word_1_189' title='bbox 364 1988 405 2043; x_wconf 89' lang='lat' dir='ltr'><strong><em>sio</em></strong></span> <span class='ocrx_word' id='word_1_190' title='bbox 427 1985 554 2043; x_wconf 72' lang='lat' dir='ltr'><strong><em>Amabar</em></strong></span> <span class='ocrx_word' id='word_1_191' title='bbox 576 1984 660 2043; x_wconf 78' lang='lat' dir='ltr'><strong><em>Amor</em></strong></span> <span class='ocrx_word' id='word_1_192' title='bbox 681 1983 818 2051; x_wconf 76' lang='lat' dir='ltr'><strong><em>nmaoor,</em></strong></span> <span class='ocrx_word' id='word_1_193' title='bbox 843 1994 868 2042; x_wconf 90' lang='lat' dir='ltr'><strong><em>et</em></strong></span> <span class='ocrx_word' id='word_1_194' title='bbox 891 1985 1005 2043; x_wconf 78' lang='lat' dir='ltr'><strong><em>Amatne</em></strong></span> <span class='ocrx_word' id='word_1_195' title='bbox 1028 2005 1121 2054; x_wconf 88' lang='lat' dir='ltr'><strong><em>eram,</em></strong></span> <span class='ocrx_word' id='word_1_196' title='bbox 1144 1990 1259 2046; x_wconf 77' lang='lat' dir='ltr'><strong><em>Amatne</em></strong></span> 
     </span>
     <span class='ocr_line' id='line_1_20' title="bbox 109 2067 1257 2145; baseline 0.003 -18"><span class='ocrx_word' id='word_1_197' title='bbox 109 2088 179 2136; x_wconf 89' lang='lat' dir='ltr'><strong><em>snm,</em></strong></span> <span class='ocrx_word' id='word_1_198' title='bbox 203 2067 317 2127; x_wconf 77' lang='lat' dir='ltr'><strong><em>Amatne</em></strong></span> <span class='ocrx_word' id='word_1_199' title='bbox 340 2089 398 2127; x_wconf 88' lang='lat' dir='ltr'><strong><em>ero.</em></strong></span> <span class='ocrx_word' id='word_1_200' title='bbox 442 2071 540 2144; x_wconf 92' lang='lat' dir='ltr'><strong><em>ltaque</em></strong></span> <span class='ocrx_word' id='word_1_201' title='bbox 562 2070 768 2145; x_wconf 76' lang='lat' dir='ltr'><strong><em>reprehendam</em></strong></span> <span class='ocrx_word' id='word_1_202' title='bbox 790 2072 838 2143; x_wconf 88' lang='lat' dir='ltr'><strong><em>qui</em></strong></span> <span class='ocrx_word' id='word_1_203' title='bbox 860 2079 958 2127; x_wconf 89' lang='lat' dir='ltr'><strong><em>contra</em></strong></span> <span class='ocrx_word' id='word_1_204' title='bbox 981 2074 1132 2145; x_wconf 83' lang='lat' dir='ltr'><strong><em>analopias</em></strong></span> <span class='ocrx_word' id='word_1_205' title='bbox 1154 2076 1257 2141; x_wconf 83' lang='lat' dir='ltr'><strong><em>dicunt,</em></strong></span> 
     </span>
     <span class='ocr_line' id='line_1_21' title="bbox 110 2156 1259 2229; baseline 0.003 -18"><span class='ocrx_word' id='word_1_206' title='bbox 110 2173 161 2211; x_wconf 91' lang='lat' dir='ltr'><strong><em>cur</em></strong></span> <span class='ocrx_word' id='word_1_207' title='bbox 176 2156 351 2227; x_wconf 74' lang='lat' dir='ltr'><strong><em>dispariliter</em></strong></span> <span class='ocrx_word' id='word_1_208' title='bbox 370 2157 400 2212; x_wconf 91' lang='lat' dir='ltr'><strong><em>in</em></strong></span> <span class='ocrx_word' id='word_1_209' title='bbox 417 2158 506 2212; x_wconf 84' lang='lat' dir='ltr'><strong><em>tribus</em></strong></span> <span class='ocrx_word' id='word_1_210' title='bbox 529 2157 698 2229; x_wconf 87' lang='lat' dir='ltr'><strong><em>temporibus</em></strong></span> <span class='ocrx_word' id='word_1_211' title='bbox 720 2156 850 2212; x_wconf 84' lang='lat' dir='ltr'><strong><em>dicamur</em></strong></span> <span class='ocrx_word' id='word_1_212' title='bbox 866 2158 1005 2227; x_wconf 90' lang='lat' dir='ltr'><strong><em>quaedam</em></strong></span> <span class='ocrx_word' id='word_1_213' title='bbox 1018 2158 1115 2213; x_wconf 86' lang='lat' dir='ltr'><strong><em>uerba.</em></strong></span> <span class='ocrx_word' id='word_1_214' title='bbox 1152 2167 1259 2214; x_wconf 89' lang='lat' dir='ltr'><strong><em>natura</em></strong></span> 
     </span>
     <span class='ocr_line' id='line_1_22' title="bbox 111 2241 1258 2314; baseline 0.002 -18"><span class='ocrx_word' id='word_1_215' title='bbox 111 2256 174 2296; x_wconf 89' lang='lat' dir='ltr'><strong><em>cum</em></strong></span> <span class='ocrx_word' id='word_1_216' title='bbox 196 2241 373 2314; x_wconf 82' lang='lat' dir='ltr'><strong><em>qnadmptec</em></strong></span> <span class='ocrx_word' id='word_1_217' title='bbox 401 2242 439 2297; x_wconf 88' lang='lat' dir='ltr'><strong><em>sit</em></strong></span> <span class='ocrx_word' id='word_1_218' title='bbox 461 2242 611 2313; x_wconf 85' lang='lat' dir='ltr'><strong><em>analoqia,</em></strong></span> <span class='ocrx_word' id='word_1_219' title='bbox 641 2242 672 2296; x_wconf 92' lang='lat' dir='ltr'><strong><em>id</em></strong></span> <span class='ocrx_word' id='word_1_220' title='bbox 699 2254 914 2311; x_wconf 90' lang='lat' dir='ltr'><strong><em>nonnunquam,</em></strong></span> <span class='ocrx_word' id='word_1_221' title='bbox 945 2247 974 2296; x_wconf 93' lang='lat' dir='ltr'><strong><em>ut</em></strong></span> <span class='ocrx_word' id='word_1_222' title='bbox 1004 2241 1079 2305; x_wconf 78' lang='lat' dir='ltr'><strong><em>dini,</em></strong></span> <span class='ocrx_word' id='word_1_223' title='bbox 1105 2244 1258 2314; x_wconf 87' lang='lat' dir='ltr'><strong><em>pauciores</em></strong></span> 
     </span>
     <span class='ocr_line' id='line_1_23' title="bbox 109 2324 1258 2399; baseline 0 -17"><span class='ocrx_word' id='word_1_224' title='bbox 109 2326 221 2382; x_wconf 86' lang='lat' dir='ltr'><strong><em>uidetur</em></strong></span> <span class='ocrx_word' id='word_1_225' title='bbox 240 2324 346 2381; x_wconf 87' lang='lat' dir='ltr'><strong><em>babere</em></strong></span> <span class='ocrx_word' id='word_1_226' title='bbox 365 2333 479 2399; x_wconf 87' lang='lat' dir='ltr'><strong><em>partes,</em></strong></span> <span class='ocrx_word' id='word_1_227' title='bbox 509 2327 550 2381; x_wconf 90' lang='grc' dir='ltr'><strong><em>εἰσ</em></strong></span> <span class='ocrx_word' id='word_1_228' title='bbox 574 2327 659 2381; x_wconf 89' lang='lat' dir='ltr'><strong><em>etiam</em></strong></span> <span class='ocrx_word' id='word_1_229' title='bbox 681 2326 756 2381; x_wconf 89' lang='lat' dir='ltr'><strong><em>alias</em></strong></span> <span class='ocrx_word' id='word_1_230' title='bbox 775 2326 883 2398; x_wconf 82' lang='lat' dir='ltr'><strong><em>pluris,</em></strong></span> <span class='ocrx_word' id='word_1_231' title='bbox 909 2331 938 2381; x_wconf 92' lang='lat' dir='ltr'><strong><em>ut</em></strong></span> <span class='ocrx_word' id='word_1_232' title='bbox 971 2341 1032 2380; x_wconf 87' lang='lat' dir='ltr'><strong><em>cum</em></strong></span> <span class='ocrx_word' id='word_1_233' title='bbox 1059 2332 1100 2380; x_wconf 88' lang='lat' dir='ltr'><strong><em>est</em></strong></span> <span class='ocrx_word' id='word_1_234' title='bbox 1128 2329 1258 2398; x_wconf 88' lang='lat' dir='ltr'><strong><em>quemad·</em></strong></span> 
     </span>
     <span class='ocr_line' id='line_1_24' title="bbox 109 2410 1258 2481; baseline 0 -15"><span class='ocrx_word' id='word_1_235' title='bbox 109 2411 221 2466; x_wconf 88' lang='lat' dir='ltr'><strong><em>modum</em></strong></span> <span class='ocrx_word' id='word_1_236' title='bbox 235 2411 274 2466; x_wconf 91' lang='lat' dir='ltr'><strong><em>ad</em></strong></span> <span class='ocrx_word' id='word_1_237' title='bbox 289 2411 346 2466; x_wconf 83' lang='lat' dir='ltr'><strong><em>tria</em></strong></span> <span class='ocrx_word' id='word_1_238' title='bbox 359 2428 444 2467; x_wconf 90' lang='lat' dir='ltr'><strong><em>unum</em></strong></span> <span class='ocrx_word' id='word_1_239' title='bbox 458 2419 485 2466; x_wconf 93' lang='lat' dir='ltr'><strong><em>et</em></strong></span> <span class='ocrx_word' id='word_1_240' title='bbox 499 2412 563 2474; x_wconf 90' lang='lat' dir='ltr'><strong><em>dno,</em></strong></span> <span class='ocrx_word' id='word_1_241' title='bbox 585 2412 626 2466; x_wconf 91' lang='grc' dir='ltr'><strong><em>εἰσ</em></strong></span> <span class='ocrx_word' id='word_1_242' title='bbox 649 2410 759 2466; x_wconf 74' lang='lat' dir='ltr'><strong><em>adsero</em></strong></span> <span class='ocrx_word' id='word_1_243' title='bbox 782 2411 837 2465; x_wconf 92' lang='lat' dir='ltr'><strong><em>duo</em></strong></span> <span class='ocrx_word' id='word_1_244' title='bbox 860 2416 886 2465; x_wconf 90' lang='lat' dir='ltr'><strong><em>et</em></strong></span> <span class='ocrx_word' id='word_1_245' title='bbox 908 2415 1048 2481; x_wconf 85' lang='lat' dir='ltr'><strong><em>quattuor,</em></strong></span> <span class='ocrx_word' id='word_1_246' title='bbox 1072 2424 1144 2481; x_wconf 90' lang='lat' dir='ltr'><strong><em>qnae</em></strong></span> <span class='ocrx_word' id='word_1_247' title='bbox 1167 2418 1258 2466; x_wconf 91' lang='lat' dir='ltr'><strong><em>tamen</em></strong></span> 
     </span>
     <span class='ocr_line' id='line_1_25' title="bbox 110 2494 1258 2568; baseline 0 -18"><span class='ocrx_word' id='word_1_248' title='bbox 110 2495 319 2567; x_wconf 81' lang='lat' dir='ltr'><strong><em>quadripertita</em></strong></span> <span class='ocrx_word' id='word_1_249' title='bbox 334 2495 576 2568; x_wconf 70' lang='lat' dir='ltr'><strong><em>comprehenditur</em></strong></span> <span class='ocrx_word' id='word_1_250' title='bbox 588 2495 691 2567; x_wconf 74' lang='lat' dir='ltr'><strong><em>forma,</em></strong></span> <span class='ocrx_word' id='word_1_251' title='bbox 715 2495 790 2566; x_wconf 89' lang='lat' dir='ltr'><strong><em>quod</em></strong></span> <span class='ocrx_word' id='word_1_252' title='bbox 812 2495 879 2550; x_wconf 89' lang='lat' dir='ltr'><strong><em>bina</em></strong></span> <span class='ocrx_word' id='word_1_253' title='bbox 902 2495 940 2550; x_wconf 93' lang='lat' dir='ltr'><strong><em>ad</em></strong></span> <span class='ocrx_word' id='word_1_254' title='bbox 960 2494 1074 2564; x_wconf 87' lang='lat' dir='ltr'><strong><em>sinqnla</em></strong></span> <span class='ocrx_word' id='word_1_255' title='bbox 1088 2494 1258 2566; x_wconf 79' lang='lat' dir='ltr'><strong><em>reserantur,</em></strong></span> 
     </span>
     <span class='ocr_line' id='line_1_26' title="bbox 111 2578 1259 2653; baseline -0.001 -18"><span class='ocrx_word' id='word_1_256' title='bbox 111 2581 186 2652; x_wconf 87' lang='lat' dir='ltr'><strong><em>quod</em></strong></span> <span class='ocrx_word' id='word_1_257' title='bbox 199 2580 230 2637; x_wconf 90' lang='lat' dir='ltr'><strong><em>in</em></strong></span> <span class='ocrx_word' id='word_1_258' title='bbox 245 2580 373 2636; x_wconf 85' lang='lat' dir='ltr'><strong><em>aratione</em></strong></span> <span class='ocrx_word' id='word_1_259' title='bbox 396 2594 501 2653; x_wconf 89' lang='lat' dir='ltr'><strong><em>quoqne</em></strong></span> <span class='ocrx_word' id='word_1_260' title='bbox 523 2595 722 2652; x_wconf 89' lang='lat' dir='ltr'><strong><em>nonnunquam</em></strong></span> <span class='ocrx_word' id='word_1_261' title='bbox 743 2581 907 2651; x_wconf 84' lang='lat' dir='ltr'><strong><em>reperietur,</em></strong></span> <span class='ocrx_word' id='word_1_262' title='bbox 930 2580 1001 2635; x_wconf 88' lang='lat' dir='ltr'><strong><em>sicut</em></strong></span> <span class='ocrx_word' id='word_1_263' title='bbox 1023 2578 1170 2635; x_wconf 88' lang='lat' dir='ltr'><strong><em>Diomedes</em></strong></span> <span class='ocrx_word' id='word_1_264' title='bbox 1193 2595 1259 2634; x_wconf 92' lang='lat' dir='ltr'><strong><em>oon·</em></strong></span> 
     </span>
     <span class='ocr_line' id='line_1_27' title="bbox 108 2663 1260 2737; baseline 0 -17"><span class='ocrx_word' id='word_1_265' title='bbox 108 2664 202 2737; x_wconf 76' lang='lat' dir='ltr'><strong><em>fertur</em></strong></span> <span class='ocrx_word' id='word_1_266' title='bbox 222 2663 410 2730; x_wconf 82' lang='lat' dir='ltr'><strong><em>Diomedibus,</em></strong></span> <span class='ocrx_word' id='word_1_267' title='bbox 432 2666 473 2721; x_wconf 87' lang='lat' dir='ltr'><strong><em>sic</em></strong></span> <span class='ocrx_word' id='word_1_268' title='bbox 496 2665 598 2721; x_wconf 88' lang='lat' dir='ltr'><strong><em>dicitur</em></strong></span> <span class='ocrx_word' id='word_1_269' title='bbox 620 2665 656 2721; x_wconf 95' lang='lat' dir='ltr'><strong><em>ab</em></strong></span> <span class='ocrx_word' id='word_1_270' title='bbox 680 2665 817 2720; x_wconf 85' lang='lat' dir='ltr'><strong><em>Hercules</em></strong></span> <span class='ocrx_word' id='word_1_271' title='bbox 840 2665 956 2720; x_wconf 88' lang='lat' dir='ltr'><strong><em>Herculi</em></strong></span> <span class='ocrx_word' id='word_1_272' title='bbox 977 2671 1002 2719; x_wconf 93' lang='lat' dir='ltr'><strong><em>et</em></strong></span> <span class='ocrx_word' id='word_1_273' title='bbox 1027 2664 1210 2730; x_wconf 87' lang='lat' dir='ltr'><strong><em>Herculibus,</em></strong></span> <span class='ocrx_word' id='word_1_274' title='bbox 1233 2672 1260 2721; x_wconf 86' lang='lat' dir='ltr'><strong><em>et</em></strong></span> 
     </span>
     <span class='ocr_line' id='line_1_28' title="bbox 110 2748 1259 2823; baseline 0 -19"><span class='ocrx_word' id='word_1_275' title='bbox 110 2756 141 2804; x_wconf 91' lang='lat' dir='ltr'><strong><em>nt</em></strong></span> <span class='ocrx_word' id='word_1_276' title='bbox 163 2748 233 2805; x_wconf 86' lang='lat' dir='ltr'><strong><em>baec</em></strong></span> <span class='ocrx_word' id='word_1_277' title='bbox 255 2751 291 2805; x_wconf 94' lang='lat' dir='ltr'><strong><em>ab</em></strong></span> <span class='ocrx_word' id='word_1_278' title='bbox 313 2767 370 2805; x_wconf 88' lang='lat' dir='ltr'><strong><em>nno</em></strong></span> <span class='ocrx_word' id='word_1_279' title='bbox 393 2750 493 2823; x_wconf 88' lang='lat' dir='ltr'><strong><em>capite,</em></strong></span> <span class='ocrx_word' id='word_1_280' title='bbox 521 2751 556 2806; x_wconf 96' lang='lat' dir='ltr'><strong><em>ab</em></strong></span> <span class='ocrx_word' id='word_1_281' title='bbox 579 2757 655 2805; x_wconf 88' lang='lat' dir='ltr'><strong><em>reato</em></strong></span> <span class='ocrx_word' id='word_1_282' title='bbox 678 2766 745 2805; x_wconf 86' lang='lat' dir='ltr'><strong><em>casu</em></strong></span> <span class='ocrx_word' id='word_1_283' title='bbox 766 2750 797 2805; x_wconf 89' lang='lat' dir='ltr'><strong><em>in</em></strong></span> <span class='ocrx_word' id='word_1_284' title='bbox 819 2749 873 2805; x_wconf 89' lang='lat' dir='ltr'><strong><em>duo</em></strong></span> <span class='ocrx_word' id='word_1_285' title='bbox 897 2750 1022 2820; x_wconf 89' lang='lat' dir='ltr'><strong><em>obliquos</em></strong></span> <span class='ocrx_word' id='word_1_286' title='bbox 1044 2749 1196 2814; x_wconf 87' lang='lat' dir='ltr'><strong><em>discedunt,</em></strong></span> <span class='ocrx_word' id='word_1_287' title='bbox 1218 2750 1259 2805; x_wconf 91' lang='lat' dir='ltr'><strong><em>sic</em></strong></span> 
     </span>
     <span class='ocr_line' id='line_1_29' title="bbox 111 2834 1259 2907; baseline 0.002 -19"><span class='ocrx_word' id='word_1_288' title='bbox 111 2840 211 2889; x_wconf 90' lang='lat' dir='ltr'><strong><em>contra</em></strong></span> <span class='ocrx_word' id='word_1_289' title='bbox 238 2835 327 2890; x_wconf 90' lang='lat' dir='ltr'><strong><em>multa</em></strong></span> <span class='ocrx_word' id='word_1_290' title='bbox 355 2837 391 2890; x_wconf 94' lang='lat' dir='ltr'><strong><em>ab</em></strong></span> <span class='ocrx_word' id='word_1_291' title='bbox 421 2836 528 2891; x_wconf 85' lang='lat' dir='ltr'><strong><em>duobus</em></strong></span> <span class='ocrx_word' id='word_1_292' title='bbox 558 2835 698 2907; x_wconf 84' lang='lat' dir='ltr'><strong><em>capitibus</em></strong></span> <span class='ocrx_word' id='word_1_293' title='bbox 727 2834 798 2889; x_wconf 87' lang='lat' dir='ltr'><strong><em>recti</em></strong></span> <span class='ocrx_word' id='word_1_294' title='bbox 825 2850 939 2890; x_wconf 91' lang='lat' dir='ltr'><strong><em>casuum</em></strong></span> <span class='ocrx_word' id='word_1_295' title='bbox 967 2834 1108 2904; x_wconf 62' lang='lat' dir='ltr'><strong><em>conpluunt</em></strong></span> <span class='ocrx_word' id='word_1_296' title='bbox 1135 2835 1166 2890; x_wconf 91' lang='lat' dir='ltr'><strong><em>in</em></strong></span> <span class='ocrx_word' id='word_1_297' title='bbox 1188 2835 1259 2891; x_wconf 93' lang='lat' dir='ltr'><strong><em>obli-</em></strong></span> 
     </span>
     <span class='ocr_line' id='line_1_30' title="bbox 111 2933 306 2991; baseline 0.015 -17"><span class='ocrx_word' id='word_1_298' title='bbox 111 2933 193 2991; x_wconf 90' lang='lat' dir='ltr'><strong><em>quom</em></strong></span> <span class='ocrx_word' id='word_1_299' title='bbox 213 2934 306 2978; x_wconf 89' lang='lat' dir='ltr'><strong><em>unum.</em></strong></span> 
     </span>
    </p>

    <p class='ocr_par' dir='ltr' id='par_1_4' title="bbox 109 3002 1263 3755">
     <span class='ocr_line' id='line_1_31' title="bbox 197 3002 1261 3079; baseline 0.002 -21"><span class='ocrx_word' id='word_1_300' title='bbox 197 3002 348 3076; x_wconf 83' lang='lat' dir='ltr'><strong><em>longiorem</em></strong></span> <span class='ocrx_word' id='word_1_301' title='bbox 369 3002 475 3067; x_wconf 88' lang='lat' dir='ltr'><strong><em>locum,</em></strong></span> <span class='ocrx_word' id='word_1_302' title='bbox 508 3013 539 3060; x_wconf 88' lang='lat' dir='ltr'><strong><em>ut</em></strong></span> <span class='ocrx_word' id='word_1_303' title='bbox 560 3021 613 3079; x_wconf 84' lang='lat' dir='ltr'><strong><em>qua</em></strong></span> <span class='ocrx_word' id='word_1_304' title='bbox 635 3004 719 3060; x_wconf 89' lang='lat' dir='ltr'><strong><em>dere</em></strong></span> <span class='ocrx_word' id='word_1_305' title='bbox 741 3011 834 3076; x_wconf 80' lang='lat' dir='ltr'><strong><em>agutur</em></strong></span> <span class='ocrx_word' id='word_1_306' title='bbox 861 3003 976 3077; x_wconf 87' lang='lat' dir='ltr'><strong><em>quisque</em></strong></span> <span class='ocrx_word' id='word_1_307' title='bbox 997 3003 1141 3077; x_wconf 82' lang='lat' dir='ltr'><strong><em>perspiciat</em></strong></span> <span class='ocrx_word' id='word_1_308' title='bbox 1162 3020 1212 3060; x_wconf 88' lang='lat' dir='ltr'><strong><em>uec</em></strong></span> <span class='ocrx_word' id='word_1_309' title='bbox 1233 3005 1261 3060; x_wconf 91' lang='lat' dir='ltr'><strong><em>in</em></strong></span> 
     </span>
     <span class='ocr_line' id='line_1_32' title="bbox 110 3086 1261 3162; baseline 0.002 -19"><span class='ocrx_word' id='word_1_310' title='bbox 110 3086 251 3144; x_wconf 83' lang='lat' dir='ltr'><strong><em>iudicando</em></strong></span> <span class='ocrx_word' id='word_1_311' title='bbox 275 3086 395 3151; x_wconf 81' lang='lat' dir='ltr'><strong><em>labatur,</em></strong></span> <span class='ocrx_word' id='word_1_312' title='bbox 420 3088 622 3162; x_wconf 84' lang='lat' dir='ltr'><strong><em>descripsimus;</em></strong></span> <span class='ocrx_word' id='word_1_313' title='bbox 658 3089 743 3146; x_wconf 88' lang='lat' dir='ltr'><strong><em>dere</em></strong></span> <span class='ocrx_word' id='word_1_314' title='bbox 765 3086 828 3143; x_wconf 89' lang='lat' dir='ltr'><strong><em>nihil</em></strong></span> <span class='ocrx_word' id='word_1_315' title='bbox 850 3088 913 3143; x_wconf 91' lang='lat' dir='ltr'><strong><em>novi</em></strong></span> <span class='ocrx_word' id='word_1_316' title='bbox 934 3088 1026 3145; x_wconf 87' lang='lat' dir='ltr'><strong><em>docuit</em></strong></span> <span class='ocrx_word' id='word_1_317' title='bbox 1048 3087 1146 3152; x_wconf 80' lang='lat' dir='ltr'><strong><em>Varro,</em></strong></span> <span class='ocrx_word' id='word_1_318' title='bbox 1170 3090 1261 3145; x_wconf 85' lang='lat' dir='ltr'><strong><em>endem</em></strong></span> 
     </span>
     <span class='ocr_line' id='line_1_33' title="bbox 111 3171 1260 3247; baseline -0.001 -19"><span class='ocrx_word' id='word_1_319' title='bbox 111 3188 193 3246; x_wconf 82' lang='lat' dir='ltr'><strong><em>supra</em></strong></span> <span class='ocrx_word' id='word_1_320' title='bbox 215 3172 257 3237; x_wconf 83' lang='lat' dir='ltr'><strong><em>lll,</em></strong></span> <span class='ocrx_word' id='word_1_321' title='bbox 283 3174 428 3232; x_wconf 83' lang='lat'>96-100</span> <span class='ocrx_word' id='word_1_322' title='bbox 451 3173 544 3230; x_wconf 85' lang='lat' dir='ltr'><strong><em>iisdem</em></strong></span> <span class='ocrx_word' id='word_1_323' title='bbox 571 3173 697 3247; x_wconf 81' lang='lat' dir='ltr'><strong><em>exemplis</em></strong></span> <span class='ocrx_word' id='word_1_324' title='bbox 725 3173 819 3229; x_wconf 81' lang='lat' dir='ltr'><strong><em>additis</em></strong></span> <span class='ocrx_word' id='word_1_325' title='bbox 841 3171 979 3246; x_wconf 83' lang='lat' dir='ltr'><strong><em>leguntur.</em></strong></span> <span class='ocrx_word' id='word_1_326' title='bbox 1023 3174 1227 3245; x_wconf 84' lang='lat' dir='ltr'><strong><em>dispariliter.</em></strong></span> <span class='ocrx_word' id='word_1_327' title='bbox 1253 3213 1260 3228; x_wconf 92' lang='lat'>.</span> 
     </span>
     <span class='ocr_line' id='line_1_34' title="bbox 112 3257 1261 3331; baseline -0.001 -20"><span class='ocrx_word' id='word_1_328' title='bbox 112 3258 251 3329; x_wconf 81' lang='lat' dir='ltr'><strong><em>quaedam</em></strong></span> <span class='ocrx_word' id='word_1_329' title='bbox 278 3259 366 3313; x_wconf 85' lang='lat' dir='ltr'><strong><em>uerba</em></strong></span> <span class='ocrx_word' id='word_1_330' title='bbox 394 3258 458 3330; x_wconf 89' lang='lat' dir='ltr'><strong><em>quid</em></strong></span> <span class='ocrx_word' id='word_1_331' title='bbox 483 3258 532 3313; x_wconf 88' lang='lat' dir='ltr'><strong><em>sihi</em></strong></span> <span class='ocrx_word' id='word_1_332' title='bbox 555 3258 651 3322; x_wconf 87' lang='lat' dir='ltr'><strong><em>velint,</em></strong></span> <span class='ocrx_word' id='word_1_333' title='bbox 687 3257 800 3331; x_wconf 82' lang='lat' dir='ltr'><strong><em>explicet</em></strong></span> <span class='ocrx_word' id='word_1_334' title='bbox 822 3257 864 3318; x_wconf 85' lang='lat' dir='ltr'><strong><em>IX,</em></strong></span> <span class='ocrx_word' id='word_1_335' title='bbox 889 3259 944 3316; x_wconf 85' lang='lat'><strong><em>99:</em></strong></span> <span class='ocrx_word' id='word_1_336' title='bbox 980 3273 1015 3312; x_wconf 84' lang='lat' dir='ltr'><strong><em>ea</em></strong></span> <span class='ocrx_word' id='word_1_337' title='bbox 1036 3264 1157 3329; x_wconf 88' lang='lat' dir='ltr'><strong><em>utroque</em></strong></span> <span class='ocrx_word' id='word_1_338' title='bbox 1177 3263 1261 3328; x_wconf 88' lang='lat' dir='ltr'><strong><em>parte</em></strong></span> 
     </span>
     <span class='ocr_line' id='line_1_35' title="bbox 111 3341 1261 3415; baseline -0.002 -19"><span class='ocrx_word' id='word_1_339' title='bbox 111 3341 201 3397; x_wconf 88' lang='lat' dir='ltr'><strong><em>ocrba</em></strong></span> <span class='ocrx_word' id='word_1_340' title='bbox 222 3343 316 3398; x_wconf 89' lang='lat' dir='ltr'><strong><em>omnia</em></strong></span> <span class='ocrx_word' id='word_1_341' title='bbox 338 3350 507 3399; x_wconf 91' lang='lat' dir='ltr'><strong><em>commutare</em></strong></span> <span class='ocrx_word' id='word_1_342' title='bbox 528 3344 654 3413; x_wconf 74' lang='lat' dir='ltr'><strong><em>syllabas</em></strong></span> <span class='ocrx_word' id='word_1_343' title='bbox 676 3349 805 3415; x_wconf 86' lang='lat' dir='ltr'><strong><em>oportere</em></strong></span> <span class='ocrx_word' id='word_1_344' title='bbox 827 3348 876 3397; x_wconf 94' lang='lat' dir='ltr'><strong><em>aut</em></strong></span> <span class='ocrx_word' id='word_1_345' title='bbox 896 3342 1019 3407; x_wconf 87' lang='lat' dir='ltr'><strong><em>nullum,</em></strong></span> <span class='ocrx_word' id='word_1_346' title='bbox 1042 3342 1092 3397; x_wconf 81' lang='lat' dir='ltr'><strong><em>alia</em></strong></span> <span class='ocrx_word' id='word_1_347' title='bbox 1114 3341 1182 3397; x_wconf 88' lang='lat' dir='ltr'><strong><em>enim</em></strong></span> <span class='ocrx_word' id='word_1_348' title='bbox 1205 3356 1261 3395; x_wconf 89' lang='lat' dir='ltr'><strong><em>non</em></strong></span> 
     </span>
     <span class='ocr_line' id='line_1_36' title="bbox 112 3423 1262 3501; baseline -0.001 -20"><span class='ocrx_word' id='word_1_349' title='bbox 112 3433 232 3490; x_wconf 84' lang='lat' dir='ltr'><strong><em>mutent,</em></strong></span> <span class='ocrx_word' id='word_1_350' title='bbox 265 3435 296 3482; x_wconf 92' lang='lat' dir='ltr'><strong><em>ut</em></strong></span> <span class='ocrx_word' id='word_1_351' title='bbox 324 3425 385 3499; x_wconf 80' lang='lat' dir='ltr'><strong><em>lego</em></strong></span> <span class='ocrx_word' id='word_1_352' title='bbox 407 3426 462 3500; x_wconf 83' lang='lat' dir='ltr'><strong><em>legi</em></strong></span> <span class='ocrx_word' id='word_1_353' title='bbox 482 3426 580 3501; x_wconf 81' lang='lat' dir='ltr'><strong><em>legam.</em></strong></span> <span class='ocrx_word' id='word_1_354' title='bbox 624 3436 685 3501; x_wconf 84' lang='lat' dir='ltr'><strong><em>apte</em></strong></span> <span class='ocrx_word' id='word_1_355' title='bbox 706 3427 790 3499; x_wconf 80' lang='lat' dir='ltr'><strong><em>igitur</em></strong></span> <span class='ocrx_word' id='word_1_356' title='bbox 811 3427 974 3483; x_wconf 84' lang='lat' dir='ltr'><strong><em>conveniunt</em></strong></span> <span class='ocrx_word' id='word_1_357' title='bbox 994 3427 1090 3498; x_wconf 90' lang='lat' dir='ltr'><strong><em>itaque</em></strong></span> <span class='ocrx_word' id='word_1_358' title='bbox 1111 3423 1262 3497; x_wconf 89' lang='lat' dir='ltr'><strong><em>repreben-</em></strong></span> 
     </span>
     <span class='ocr_line' id='line_1_37' title="bbox 113 3510 1261 3585; baseline -0.003 -20"><span class='ocrx_word' id='word_1_359' title='bbox 113 3510 182 3566; x_wconf 90' lang='lat' dir='ltr'><strong><em>dunt</em></strong></span> <span class='ocrx_word' id='word_1_360' title='bbox 205 3551 212 3566; x_wconf 92' lang='lat'><strong>.</strong></span> <span class='ocrx_word' id='word_1_361' title='bbox 236 3551 243 3566; x_wconf 92' lang='lat'><strong>.</strong></span> <span class='ocrx_word' id='word_1_362' title='bbox 266 3512 405 3583; x_wconf 76' lang='lat' dir='ltr'><strong><em>quaedam</em></strong></span> <span class='ocrx_word' id='word_1_363' title='bbox 426 3513 530 3579; x_wconf 85' lang='lat' dir='ltr'><strong><em>oerba‚·</em></strong></span> <span class='ocrx_word' id='word_1_364' title='bbox 554 3528 622 3585; x_wconf 81' lang='lat' dir='ltr'><strong><em>quae</em></strong></span> <span class='ocrx_word' id='word_1_365' title='bbox 645 3519 796 3585; x_wconf 89' lang='lat' dir='ltr'><strong><em>sequuntur</em></strong></span> <span class='ocrx_word' id='word_1_366' title='bbox 816 3518 922 3567; x_wconf 90' lang='lat' dir='ltr'><strong><em>natura</em></strong></span> <span class='ocrx_word' id='word_1_367' title='bbox 945 3528 1006 3566; x_wconf 90' lang='lat' dir='ltr'><strong><em>aum</em></strong></span> <span class='ocrx_word' id='word_1_368' title='bbox 1028 3510 1206 3582; x_wconf 84' lang='lat' dir='ltr'><strong><em>quadruplea</em></strong></span> <span class='ocrx_word' id='word_1_369' title='bbox 1230 3547 1261 3563; x_wconf 90' lang='lat'><strong><em>..</em></strong></span> 
     </span>
     <span class='ocr_line' id='line_1_38' title="bbox 109 3593 1263 3670; baseline -0.003 -20"><span class='ocrx_word' id='word_1_370' title='bbox 109 3594 204 3666; x_wconf 85' lang='lat' dir='ltr'><strong><em>pluris</em></strong></span> <span class='ocrx_word' id='word_1_371' title='bbox 225 3593 289 3652; x_wconf 89' lang='lat' dir='ltr'><strong><em>item</em></strong></span> <span class='ocrx_word' id='word_1_372' title='bbox 312 3594 399 3652; x_wconf 89' lang='lat' dir='ltr'><strong><em>deleto</em></strong></span> <span class='ocrx_word' id='word_1_373' title='bbox 424 3597 505 3653; x_wconf 81' lang='lat' dir='ltr'><strong><em>uerbo</em></strong></span> <span class='ocrx_word' id='word_1_374' title='bbox 528 3599 589 3653; x_wconf 80' lang='lat' dir='ltr'><strong><em>diui</em></strong></span> <span class='ocrx_word' id='word_1_375' title='bbox 611 3596 684 3670; x_wconf 88' lang='lat' dir='ltr'><strong><em>quod</em></strong></span> <span class='ocrx_word' id='word_1_376' title='bbox 707 3596 774 3652; x_wconf 84' lang='lat' dir='ltr'><strong><em>male</em></strong></span> <span class='ocrx_word' id='word_1_377' title='bbox 793 3594 957 3652; x_wconf 81' lang='lat' dir='ltr'><strong><em>inculcatum</em></strong></span> <span class='ocrx_word' id='word_1_378' title='bbox 979 3604 1033 3660; x_wconf 91' lang='lat' dir='ltr'><strong><em>est,</em></strong></span> <span class='ocrx_word' id='word_1_379' title='bbox 1059 3595 1190 3664; x_wconf 81' lang='lat' dir='ltr'><strong><em>integram</em></strong></span> <span class='ocrx_word' id='word_1_380' title='bbox 1213 3608 1263 3647; x_wconf 82' lang='lat' dir='ltr'><strong><em>ex-</em></strong></span> 
     </span>
     <span class='ocr_line' id='line_1_39' title="bbox 112 3677 1262 3755; baseline 0 -23"><span class='ocrx_word' id='word_1_381' title='bbox 112 3677 207 3735; x_wconf 88' lang='lat' dir='ltr'><strong><em>hibent</em></strong></span> <span class='ocrx_word' id='word_1_382' title='bbox 228 3681 400 3744; x_wconf 68' lang='lat' dir='ltr'><strong><em>sententiam</em></strong></span> <span class='ocrx_word' id='word_1_383' title='bbox 434 3681 575 3739; x_wconf 76' lang='lat' dir='ltr'><strong><em>infeliciter</em></strong></span> <span class='ocrx_word' id='word_1_384' title='bbox 597 3681 692 3738; x_wconf 84' lang='lat' dir='ltr'><strong><em>lliiller</em></strong></span> <span class='ocrx_word' id='word_1_385' title='bbox 721 3681 831 3755; x_wconf 84' lang='lat' dir='ltr'><strong><em>primam</em></strong></span> <span class='ocrx_word' id='word_1_386' title='bbox 854 3696 948 3736; x_wconf 87' lang='lat' dir='ltr'><strong><em>vocem</em></strong></span> <span class='ocrx_word' id='word_1_387' title='bbox 975 3687 1122 3736; x_wconf 82' lang='lat' dir='ltr'><strong><em>correctam</em></strong></span> <span class='ocrx_word' id='word_1_388' title='bbox 1149 3692 1262 3751; x_wconf 83' lang='lat' dir='ltr'><strong><em>praece·</em></strong></span> 
     </span>
    </p>
   </div>
   <div class='ocr_carea' id='block_1_3' title="bbox 113 3855 1264 4265">
    <p class='ocr_par' dir='ltr' id='par_1_5' title="bbox 115 3855 1264 3994">
     <span class='ocr_line' id='line_1_40' title="bbox 199 3855 1264 3924; baseline -0.004 -13"><span class='ocrx_word' id='word_1_389' title='bbox 199 3855 301 3924; x_wconf 58' lang='lat' dir='ltr'><strong><em>Mega</em></strong></span> <span class='ocrx_word' id='word_1_390' title='bbox 325 3859 426 3912; x_wconf 81' lang='lat' dir='ltr'><strong><em>lucilius</em></strong></span> <span class='ocrx_word' id='word_1_391' title='bbox 450 3860 512 3911; x_wconf 87' lang='lat' dir='ltr'><strong><em>mihi</em></strong></span> <span class='ocrx_word' id='word_1_392' title='bbox 530 3861 602 3911; x_wconf 82' lang='lat' dir='ltr'><strong><em>visus</em></strong></span> <span class='ocrx_word' id='word_1_393' title='bbox 620 3875 675 3912; x_wconf 82' lang='lat' dir='ltr'><strong><em>eum</em></strong></span> <span class='ocrx_word' id='word_1_394' title='bbox 700 3859 823 3911; x_wconf 85' lang='lat' dir='ltr'><strong><em>scribere:</em></strong></span> <span class='ocrx_word' id='word_1_395' title='bbox 854 3858 908 3922; x_wconf 75' lang='lat' dir='ltr'><strong><em>Qui</em></strong></span> <span class='ocrx_word' id='word_1_396' title='bbox 924 3856 1046 3909; x_wconf 83' lang='lat' dir='ltr'><strong><em>mortalis</em></strong></span> <span class='ocrx_word' id='word_1_397' title='bbox 1063 3858 1163 3921; x_wconf 87' lang='lat' dir='ltr'><strong><em>[aeque]</em></strong></span> <span class='ocrx_word' id='word_1_398' title='bbox 1182 3861 1264 3922; x_wconf 76' lang='lat' dir='ltr'><strong><em>atqrm</em></strong></span> 
     </span>
     <span class='ocr_line' id='line_1_41' title="bbox 115 3925 732 3994; baseline 0.005 -18"><span class='ocrx_word' id='word_1_399' title='bbox 115 3925 195 3976; x_wconf 81' lang='lat' dir='ltr'><strong><em>urbes</em></strong></span> <span class='ocrx_word' id='word_1_400' title='bbox 212 3927 355 3993; x_wconf 83' lang='lat' dir='ltr'><strong><em>beluasque</em></strong></span> <span class='ocrx_word' id='word_1_401' title='bbox 372 3930 459 3979; x_wconf 85' lang='lat' dir='ltr'><strong><em>omnis</em></strong></span> <span class='ocrx_word' id='word_1_402' title='bbox 476 3931 560 3979; x_wconf 88' lang='lat' dir='ltr'><strong><em>iuuat.</em></strong></span> <span class='ocrx_word' id='word_1_403' title='bbox 629 3929 660 3979; x_wconf 80' lang='lat' dir='ltr'><strong><em>A.</em></strong></span> <span class='ocrx_word' id='word_1_404' title='bbox 679 3925 732 3994; x_wconf 82' lang='lat' dir='ltr'><strong><em>Sp]</em></strong></span> 
     </span>
    </p>

    <p class='ocr_par' dir='ltr' id='par_1_6' title="bbox 113 3988 1263 4265">
     <span class='ocr_line' id='line_1_42' title="bbox 181 3988 1260 4062; baseline -0.002 -17"><span class='ocrx_word' id='word_1_405' title='bbox 181 3993 223 4058; x_wconf 60' lang='lat' dir='ltr'><strong><em>“b</em></strong></span> <span class='ocrx_word' id='word_1_406' title='bbox 241 3995 401 4062; x_wconf 77' lang='lat' dir='ltr'><strong><em>quadruplex</em></strong></span> <span class='ocrx_word' id='word_1_407' title='bbox 420 3995 500 4048; x_wconf 78' lang='lat' dir='ltr'><strong><em>forma</em></strong></span> <span class='ocrx_word' id='word_1_408' title='bbox 517 3994 668 4061; x_wconf 85' lang='lat' dir='ltr'><strong><em>requiritur,</em></strong></span> <span class='ocrx_word' id='word_1_409' title='bbox 695 3993 763 4046; x_wconf 88' lang='lat' dir='ltr'><strong><em>unde</em></strong></span> <span class='ocrx_word' id='word_1_410' title='bbox 787 3993 845 4045; x_wconf 78' lang='lat' dir='ltr'><strong><em>Lea</em></strong></span> <span class='ocrx_word' id='word_1_411' title='bbox 863 3994 931 4059; x_wconf 77' lang='lat' dir='ltr'><strong><em>Legi</em></strong></span> <span class='ocrx_word' id='word_1_412' title='bbox 947 3989 1039 4042; x_wconf 79' lang='lat' dir='ltr'><strong><em>Mulier</em></strong></span> <span class='ocrx_word' id='word_1_413' title='bbox 1056 3988 1165 4054; x_wconf 82' lang='lat' dir='ltr'><strong><em>eddidit,</em></strong></span> <span class='ocrx_word' id='word_1_414' title='bbox 1192 3991 1260 4043; x_wconf 87' lang='lat' dir='ltr'><strong><em>idem</em></strong></span> 
     </span>
     <span class='ocr_line' id='line_1_43' title="bbox 113 4057 1263 4130; baseline -0.002 -19"><span class='ocrx_word' id='word_1_415' title='bbox 113 4073 162 4126; x_wconf 73' lang='lat' dir='ltr'><strong><em>ego</em></strong></span> <span class='ocrx_word' id='word_1_416' title='bbox 181 4061 349 4128; x_wconf 86' lang='lat' dir='ltr'><strong><em>conieceuun,</em></strong></span> <span class='ocrx_word' id='word_1_417' title='bbox 367 4063 413 4115; x_wconf 89' lang='lat' dir='ltr'><strong><em>sed</em></strong></span> <span class='ocrx_word' id='word_1_418' title='bbox 431 4063 617 4130; x_wconf 68' lang='lat' dir='ltr'><strong><em>praepositum</em></strong></span> <span class='ocrx_word' id='word_1_419' title='bbox 636 4067 738 4127; x_wconf 78' lang='lat' dir='ltr'><strong><em>poteret</em></strong></span> <span class='ocrx_word' id='word_1_420' title='bbox 755 4077 816 4114; x_wconf 86' lang='lat' dir='ltr'><strong><em>vero</em></strong></span> <span class='ocrx_word' id='word_1_421' title='bbox 835 4062 912 4113; x_wconf 81' lang='lat' dir='ltr'><strong><em>etiem</em></strong></span> <span class='ocrx_word' id='word_1_422' title='bbox 932 4059 1004 4110; x_wconf 75' lang='lat' dir='ltr'><strong><em>Grec&gt;</em></strong></span> <span class='ocrx_word' id='word_1_423' title='bbox 1018 4057 1108 4124; x_wconf 75' lang='lat' dir='ltr'><strong><em>Gragi,</em></strong></span> <span class='ocrx_word' id='word_1_424' title='bbox 1125 4058 1184 4110; x_wconf 76' lang='lat' dir='ltr'><strong><em>lien</em></strong></span> <span class='ocrx_word' id='word_1_425' title='bbox 1195 4058 1263 4125; x_wconf 78' lang='lat' dir='ltr'><strong><em>llege&#39;</em></strong></span> 
     </span>
     <span class='ocr_line' id='line_1_44' title="bbox 114 4125 1262 4196; baseline 0.001 -18"><span class='ocrx_word' id='word_1_426' title='bbox 114 4127 205 4190; x_wconf 76' lang='lat' dir='ltr'><strong><em>scribi3</em></strong></span> <span class='ocrx_word' id='word_1_427' title='bbox 222 4132 307 4182; x_wconf 82' lang='lat' dir='ltr'><strong><em>ulrum</em></strong></span> <span class='ocrx_word' id='word_1_428' title='bbox 325 4131 393 4182; x_wconf 89' lang='lat' dir='ltr'><strong><em>enim</em></strong></span> <span class='ocrx_word' id='word_1_429' title='bbox 411 4130 509 4182; x_wconf 82' lang='lat' dir='ltr'><strong><em>vocalis</em></strong></span> <span class='ocrx_word' id='word_1_430' title='bbox 533 4129 684 4196; x_wconf 84' lang='lat' dir='ltr'><strong><em>corripiatur</em></strong></span> <span class='ocrx_word' id='word_1_431' title='bbox 708 4144 741 4181; x_wconf 84' lang='lat' dir='ltr'><strong><em>sn</em></strong></span> <span class='ocrx_word' id='word_1_432' title='bbox 765 4129 934 4196; x_wconf 81' lang='lat' dir='ltr'><strong><em>producatur,</em></strong></span> <span class='ocrx_word' id='word_1_433' title='bbox 961 4127 1002 4178; x_wconf 90' lang='lat' dir='ltr'><strong><em>hic</em></strong></span> <span class='ocrx_word' id='word_1_434' title='bbox 1024 4125 1120 4178; x_wconf 85' lang='lat' dir='ltr'><strong><em>nullius</em></strong></span> <span class='ocrx_word' id='word_1_435' title='bbox 1143 4132 1185 4179; x_wconf 84' lang='lat' dir='ltr'><strong><em>est</em></strong></span> <span class='ocrx_word' id='word_1_436' title='bbox 1207 4143 1262 4179; x_wconf 89' lang='lat' dir='ltr'><strong><em>mo·</em></strong></span> 
     </span>
     <span class='ocr_line' id='line_1_45' title="bbox 114 4196 632 4265; baseline 0.006 -19"><span class='ocrx_word' id='word_1_437' title='bbox 114 4196 205 4259; x_wconf 63' lang='lat' dir='ltr'><strong><em>meniu</em></strong></span> <span class='ocrx_word' id='word_1_438' title='bbox 223 4196 287 4249; x_wconf 86' lang='lat' dir='ltr'><strong><em>illud</em></strong></span> <span class='ocrx_word' id='word_1_439' title='bbox 304 4201 390 4251; x_wconf 66' lang='lat' dir='ltr'><strong><em>nmen</em></strong></span> <span class='ocrx_word' id='word_1_440' title='bbox 408 4196 567 4265; x_wconf 72' lang='lat' dir='ltr'><strong><em>probabilius</em></strong></span> <span class='ocrx_word' id='word_1_441' title='bbox 584 4201 632 4249; x_wconf 84' lang='lat' dir='ltr'><strong><em>eet.</em></strong></span> 
     </span>
    </p>
   </div>
   <div class='ocr_carea' id='block_1_4' title="bbox 0 0 1527 5048">
    <p class='ocr_par' dir='ltr' id='par_1_7' title="bbox 0 0 1527 5048">
     <span class='ocr_line' id='line_1_46' title="bbox 0 0 1527 5048; baseline 0 0"><span class='ocrx_word' id='word_1_442' title='bbox 0 0 1527 5048; x_wconf 95' lang='lat' dir='ltr'><strong><em> </em></strong></span> 
     </span>
    </p>
   </div>
  </div>
 </body>
</html>
