3038 5048
256 282 298 340 24
592 283 706 338 LIBER
724 282 890 350 QUINTUS.
926 285 1001 350 §ss
1021 288 1062 339 59.

115 473 181 524 (nst
192 454 291 524 sithi
307 454 531 522 Samothraces
548 454 602 539 dii,
626 457 680 537 qui
696 455 809 523 Castor
823 463 855 524 θῖ
868 456 994 538 Pollux,
1017 453 1075 521 sed
1092 454 1126 520 hi
1148 475 1217 522 mas
1240 462 1272 522 et
1284 455 1409 523 femina

256 563 289 624 et
311 556 345 622 hi
367 576 446 639 quos
461 558 624 640 Augurum
646 559 720 626 libri
742 558 877 641 scriptos
899 557 1021 624 habent
1042 557 1089 623 sic
1110 571 1189 626 DIVI
1206 571 1268 640 QUI
1286 571 1407 628 POTES

148 663 168 742 ξ
191 664 230 725 59
254 679 312 743 pro
334 658 391 723 illo
415 659 500 740 quud
516 660 740 728 Samothraces
761 658 913 724 ΤΗΕΟΕ
938 656 1164 725 ΒΥΝΑΤΟΕ.
1231 659 1319 723 Haec
1341 657 1406 725 due

256 758 387 825 Caelum
410 768 441 826 θῖ
463 761 578 844 Terra,
608 761 694 845 quud
715 762 822 828 anima
844 768 875 828 θῖ
898 773 1020 844 corpus.
1065 758 1240 826 Humidum
1262 766 1294 826 θῖ
1316 759 1404 845 frigi-

256 860 331 925 dum
354 868 447 948 terra,
470 863 539 930 sive
1429 878 1444 926 ε

382 962 464 1030 Ova
486 965 618 1049 parire
640 967 744 1032 solet
772 983 896 1046 genus
923 962 1067 1047 pennis
1090 962 1406 1030 condecoratum

383 1066 469 1131 Non
490 1067 679 1147 animam,

255 1175 289 1233 ut
311 1168 357 1234 ait
378 1167 508 1250 Ennius,
533 1175 577 1234 et:

709 1268 896 1353 postinde
919 1269 1027 1335 venit
1050 1267 1252 1334 divinitus
1274 1269 1405 1352 pullis

383 1372 477 1456 lpsa
498 1372 629 1438 anima
1428 1385 1459 1436 10

113 1472 340 1555 incassumve,
370 1483 404 1539 ut
426 1474 537 1539 Zenon
560 1472 694 1554 Citieus,
726 1471 912 1538 animalium
934 1491 1043 1537 semen
1064 1471 1147 1552 ignis
1169 1471 1197 1537 is
1220 1471 1274 1552 qui
1296 1471 1421 1538 anima-

256 1595 295 1640 ac
317 1594 417 1657 mens,
441 1574 497 1655 qui
520 1572 629 1640 caldor
652 1594 669 1640 e
692 1574 791 1658 caelo,
816 1573 901 1656 quud
923 1572 998 1638 hinc
1019 1572 1269 1640 innumerabiles
1292 1579 1325 1639 et
1346 1574 1405 1639 im-

254 1677 406 1743 mortales
427 1679 530 1759 ignes.
567 1676 676 1757 itaque
698 1674 919 1759 Epicharmus,
950 1669 1041 1759 [cunr]
1065 1675 1141 1740 dicit
1163 1674 1204 1740 de
1225 1683 1332 1741 mente
1346 1675 1403 1742 hu-

254 1799 364 1862 mana,
387 1778 446 1844 ait:

381 1881 481 1946 Istic
505 1886 563 1946 θεῖ
585 1878 632 1945 de
654 1879 742 1945 sule
764 1883 943 1962 sumptus
966 1877 1073 1960 iguis
1430 1896 1458 1946 15

255 1980 340 2047 idem
363 1979 402 2043 dc
424 1983 506 2048 sole:

380 2083 489 2164 isque
511 2087 619 2149 totus
642 2081 786 2148 mentis
810 2088 883 2162 est,

340 2288 351 2336 1
372 2285 539 2337 samotraces
557 2281 589 2336 F.
607 2312 642 2322 -
666 2285 681 2335 2
704 2282 759 2337 divi
776 2285 854 2351 potes
879 2282 1018 2336 Laetus.
1038 2312 1072 2319 -
1090 2284 1104 2334 3
1125 2285 1289 2335 samotraces
1307 2281 1340 2334 F.
1369 2311 1402 2320 —

252 2365 533 2431 ΤΗΘΟΘδγΝΑΤΟΘ
552 2367 585 2434 F,
612 2384 682 2436 quac
698 2368 792 2436 forma
810 2375 841 2419 ut
857 2376 980 2421 servetur·
998 2366 1078 2419 etiam
1097 2365 1207 2420 (iroth
1224 2367 1322 2421 suadet
1339 2368 1402 2423 coll.

253 2453 337 2520 §101‚
356 2452 381 2505 X
400 2456 469 2519 5⁴43,
493 2451 587 2506 Neue
605 2451 742 2506 Formenl.
760 2452 795 2519 12,
815 2454 873 2504 131.
901 2449 977 2519 cons.
998 2450 1119 2505 Christ
1135 2450 1233 2504 Philol.
1251 2451 1325 2520 XVI,
1344 2456 1403 2522 455,

253 2534 314 2605 LSp
328 2535 415 2601 XVII,
426 2540 484 2590 290.
495 2566 526 2575 -
544 2538 614 2591 haec
627 2536 692 2600 duo]
708 2535 786 2604 ‘fosi
805 2536 835 2588 hi
847 2531 914 2591 duo'
927 2535 997 2605 LSp.
1007 2565 1040 2574 -
1060 2539 1076 2588 1
1093 2539 1176 2598 terra]
1195 2551 1281 2604 eaque
1293 2551 1403 2607 corpus,

253 2620 347 2673 caldor
365 2620 435 2674 caeli
453 2620 564 2674 atinde
582 2620 673 2674 anima
690 2619 766 2674 addit
785 2620 919 2675 Miller.
933 2649 966 2658 -
986 2625 1001 2673 6
1018 2620 1121 2688 parire]
1141 2619 1272 2674 Laetus
1279 2661 1287 2688 ‚
1304 2637 1404 2691 parere

250 2703 340 2758 libri.
370 2704 446 2774 coris.
466 2704 585 2759 Reiter
602 2709 706 2773 quaest.
725 2723 752 2774 p.
763 2709 794 2759 91
806 2721 845 2773 sq.
864 2736 895 2743 —
916 2709 931 2758 8
950 2707 986 2772 et]
1007 2704 1092 2758 Elicii
1109 2703 1197 2759 verbis
1214 2703 1406 2761 adiunxerant

142 2779 146 2786 ’
251 2787 449 2844 Lachmann
462 2790 590 2844 adLucr.
601 2790 622 2858 1,
635 2790 830 2854 117‚Vahlen
843 2790 1047 2844 Enn.Ann.10.
1058 2819 1087 2828 -
1101 2789 1359 2857 spostinnelibri.
1370 2822 1404 2830 -

254 2872 346 2939 pullis]
359 2874 503 2928 insinuans
517 2890 547 2928 εθ
560 2874 622 2928 add.
633 2875 771 2928 Laetus.
782 2904 816 2912 -
836 2879 866 2928 11
881 2875 992 2938 Citieus]
1011 2874 1106 2942 vulg„
1125 2873 1195 2928 citus
1212 2873 1303 2928 libri.
1318 2905 1351 2914 —
1369 2876 1404 2940 is]

248 2957 319 3026 fort
330 2955 691 3025 dei—animalhaetus,
709 2960 827 3012 animam
844 2958 934 3012 libri.
945 2990 978 2998 —
999 2963 1030 3012 12
1049 2959 1143 3013 caldor
1160 2959 1187 3026 θ]
1207 2958 1317 3014 caldore
1326 2959 1403 3014 F.-

248 3040 323 3105 hinc]
341 3040 364 3093 F
383 3057 444 3094 cum
461 3043 563 3107 multis,
581 3043 627 3097 hic
646 3042 702 3105 clii,
730 3042 795 3096 huic
813 3042 931 3112 Haupt
949 3043 1049 3112 Opusc.
1067 3042 1103 3111 Π,
1124 3046 1171 3097 193
1189 3059 1227 3098 aa
1244 3045 1404 3100 coniectura

250 3125 473 3181 Lachmanni.
493 3157 526 3167 -
544 3132 581 3192 etl
600 3143 633 3182 ac
650 3129 792 3182 Laetus.
811 3158 842 3167 -
864 3132 894 3182 13
914 3128 1097 3197 Epicharmus
1115 3127 1189 3181 Enni
1205 3128 1294 3197 vulg.
1313 3145 1351 3184 ex
1368 3131 1403 3199 B,

250 3210 368 3266 (iroth.
393 3243 426 3250 -
454 3212 607 3276 cum1adcl.
627 3214 698 3283 LSp.
724 3242 760 3251 -
787 3217 820 3266 14
837 3213 885 3276 ait]
905 3229 957 3266 om.
976 3213 1106 3267 Laetus
1124 3213 1165 3266 ste
1182 3215 1263 3270 verba
1275 3231 1402 3285 potiens.-

251 3296 415 3365 Epicarmus
428 3297 564 3351 demente
576 3298 697 3352 humana
709 3297 784 3352 dicit.
814 3298 888 3352 Istic.
918 3298 987 3367 fort.
1001 3296 1099 3366 Epich.
1113 3295 1166 3351 dic.
1180 3298 1206 3352 d.
1218 3315 1254 3354 m.
1266 3300 1401 3355 humana:

248 3381 287 3435 At
303 3380 375 3436 istic.
394 3411 428 3420 -
458 3386 489 3435 16
506 3377 586 3451 ‘sora
605 3382 677 3436 idem
696 3383 730 3436 de
748 3383 805 3438 sole
823 3384 877 3436 nist
894 3383 976 3437 verba
993 3381 1078 3450 ignis,
1104 3381 1134 3437 id
1157 3387 1200 3438 θεῖ
1222 3385 1264 3439 sol
1286 3387 1328 3439 θεῖ
1350 3401 1401 3439 ea-

247 3465 373 3534 plicaadi
399 3482 483 3520 causa
509 3466 605 3521 addita
627 3463 706 3520 surst'
727 3468 797 3536 LSp,
827 3467 902 3522 Idem
925 3467 1009 3522 solem
1031 3470 1218 3538 (campaneio
1237 3475 1301 3523 artie
1316 3469 1402 3535 idem)

248 3549 271 3603 F
297 3567 358 3604 cum
383 3550 480 3605 ceteris
503 3551 557 3604 nisi
580 3551 656 3620 quinci
677 3552 707 3605 id
730 3557 772 3606 θεῖ
794 3552 836 3607 sol
857 3556 900 3605 θεῖ
922 3550 1021 3620 GHa,
1039 3551 1303 3621 Rhclandellus,
1328 3554 1402 3608 idem

248 3635 332 3690 solem
351 3635 455 3691 adserit
471 3636 558 3703 vulg.
578 3652 616 3690 ex
633 3637 665 3690 B.
702 3637 778 3706 conf.
797 3636 930 3692 Priscian.
949 3636 1009 3704 VII,
1030 3639 1131 3708 161Ρ.,
1158 3639 1287 3694 Vahlen
1304 3655 1331 3708 p.
1343 3642 1401 3693 168.

248 3726 366 3774 ceterum
384 3720 455 3774 nibil
472 3720 562 3775 obstat
579 3723 647 3791 quin
665 3721 709 3776 bic
725 3721 814 3791 faerit
832 3737 926 3775 versus
943 3720 1102 3778 Ennianus:
1121 3723 1188 3778 Istic
1206 3723 1259 3787 (cel
1274 3725 1312 3778 Ar
1327 3724 1401 3788 istic)

145 3825 147 3830 ⁴
248 3810 291 3860 θεῖ
308 3805 342 3859 de
361 3805 417 3860 sole
436 3809 560 3875 sumptus
577 3806 654 3874 isque
672 3809 747 3860 totus
764 3806 863 3861 mentis
881 3810 923 3861 θεῖ
940 3809 1096 3878 praemisso
1118 3807 1188 3876 ignis
1206 3806 1300 3875 aliquo
1317 3824 1401 3879 prae-

247 3890 367 3944 cedentis
393 3907 487 3946 sersus
512 3891 582 3946 loco.
610 3892 649 3945 ita
667 3892 749 3944 etiam
767 3891 894 3946 Vahlen
913 3891 984 3945 Eun.
1003 3908 1079 3963 poes.
1096 3892 1144 3946 rel.
1163 3908 1190 3961 p.
1209 3890 1288 3945 XXII
1306 3901 1333 3947 et
1353 3897 1401 3949 168

247 3974 395 4042 Bergkio
414 3975 491 4031 duee.
522 3981 607 4030 totum
626 3976 714 4030 locum
732 3977 773 4029 sic
792 3977 933 4030 coristitnit
951 3976 1073 4032 Gruth:
1103 3975 1199 4043 ltaque
1217 3975 1401 4045 Epicharmus

246 4057 321 4111 Enni
340 4059 374 4114 dc
391 4066 483 4116 ments
500 4063 621 4116 humana
639 4061 690 4117 ait:
708 4061 776 4116 Istic
796 4061 889 4115 estne
907 4062 964 4115 sole
982 4064 1106 4131 sumptus
1121 4059 1199 4127 (ignis
1216 4059 1289 4114 idem
1307 4077 1340 4117 ac
1359 4063 1401 4118 sol

247 4147 300 4210 est)
318 4142 396 4212 isque
413 4149 490 4202 totus
507 4147 605 4203 mentis
625 4151 674 4201 θεῖ.
706 4147 783 4215 conf.
802 4148 884 4200 ctiam
901 4147 1017 4214 Haupt
1034 4144 1052 4197 l.
1072 4160 1095 4199 c.
1116 4173 1144 4182 -
1167 4148 1197 4197 11
1216 4147 1300 4210 totus]
1319 4153 1400 4204 actus

244 4228 329 4300 vulg.
348 4246 386 4284 ex
403 4232 434 4285 Β.
