3038 5048
482 313 595 369 monn
613 313 780 382 ouranos.
816 317 831 383 s
849 320 923 371 a-r.
1253 314 1272 374 a

131 492 163 555 et
184 487 275 554 Bruti
296 486 457 554 retrahere
480 485 598 568 nequit.
642 485 725 569 Non,
755 486 783 552 si
803 506 867 552 non
887 491 1020 572 potuero
1042 485 1211 570 indagare,
1235 505 1273 554 eo

130 609 184 656 ero
206 586 340 672 tardior,
362 587 421 653 sed
443 586 583 654 velocior
603 585 687 668 ideo,
709 585 737 652 si
759 587 878 672 quiero.
912 608 976 654 non
998 586 1166 655 mediocris
1189 587 1273 654 enim

130 690 282 758 tenebrae
303 689 337 756 in
359 688 452 771 silva,
474 687 531 753 ubi
552 688 633 756 haec
654 689 822 774 captanda,
844 689 1273 772 111111111111111111111

129 795 277 893 11111311
284 840 293 875 ,
321 789 592 873 semitaetritae,
624 810 728 872 neque
756 811 819 857 non
846 789 880 854 in
906 788 1086 856 tramitibus
1115 788 1272 871 quaedam

93 893 256 962 sobiecta
278 912 360 974 quae
382 899 508 958 euntem
529 891 665 957 retinere
686 899 826 977 possent.
870 891 973 972 Quom
991 891 1161 958 verborum
1175 911 1271 958 novo·
1296 896 1315 974 ξ
1339 897 1358 958 6

130 1015 200 1060 rum
227 1013 267 1061 ao
298 999 442 1061 veterum
475 991 634 1060 discordia
666 994 769 1060 omnis
798 994 831 1058 in
859 990 1087 1061 consuetudine
1116 991 1273 1058 communi

130 1092 355 1181 [commutato],
393 1100 469 1178 quot
500 1094 604 1161 modis
640 1094 839 1176 [litterarum]
876 1094 1078 1161 commutatio
1115 1093 1157 1158 sit
1187 1095 1273 1160 facta
1313 1161 1318 1166 ,

131 1198 185 1280 qui
207 1195 476 1281 animadverterit,
499 1196 625 1264 facilius
645 1196 777 1262 scrutari
798 1194 935 1278 origines
957 1194 1075 1280 poterit
1095 1195 1272 1261 verborum.
1287 1212 1354 1264 (111
1369 1211 1426 1266 sur-¹)

128 1299 266 1383 reperiet
288 1299 371 1366 enim
387 1318 458 1366 esse
480 1301 682 1381 commutata,
704 1303 738 1362 ut
757 1295 790 1361 in
805 1297 1020 1381 superioribus
1033 1295 1124 1362 libris
1139 1295 1272 1381 ostendi,

79 1412 107 1464 11
128 1402 268 1467 maxime
282 1407 413 1484 propter
425 1400 474 1465 bis
490 1405 660 1482 quaternas
673 1417 793 1466 causas.
823 1398 999 1465 litterarum
1014 1399 1100 1465 enim
1114 1398 1150 1463 fit
1165 1397 1272 1481 demp-

129 1503 214 1569 tione
242 1508 297 1568 aut
323 1499 488 1568 additione
520 1507 553 1566 et
579 1507 710 1586 propter
737 1519 845 1567 earum
870 1502 1073 1568 tralationem
1106 1506 1162 1567 aut
1188 1520 1272 1566 com·

128 1605 344 1683 mutationem,
367 1602 443 1668 item
465 1603 660 1688 syllabarum
683 1600 927 1687 [productione],
957 1622 1040 1686 quae
1069 1603 1219 1686 quoniam
1240 1601 1273 1666 in

127 1705 342 1791 superioribus
369 1705 458 1770 libris
487 1703 686 1787 quoiusmodi
714 1711 821 1770 essent
849 1704 1005 1790 exemplis
1035 1705 1113 1772 satis
1143 1703 1270 1770 demon-

127 1807 235 1891 stravi,
258 1807 311 1874 hio
332 1806 577 1874 ammonendum
593 1825 663 1872 esse
685 1804 780 1871 modo
794 1806 915 1890 putavi.
960 1806 1052 1872 Nunc
1074 1806 1270 1888 singulorum
1294 1792 1352 1872 θ’]

77 1922 105 1973 15
125 1909 295 1976 verborum
317 1907 455 1990 origines
477 1908 656 1994 expediam,
679 1926 812 1989 quorum
827 1911 976 1988 quattuor
990 1907 1186 1991 explanandi
1200 1927 1271 1992 gra-

1281 1875 1312 1926 11·
1327 1875 1351 1916 1⁸
1363 1874 1420 1927 811

215 2064 228 2114 1
241 2057 344 2126 nequit]
353 2055 393 2110 ‘iet
404 2065 444 2111 est
457 2057 563 2125 nequiit
571 2054 753 2125 oelnequivit'
765 2057 834 2126 LSp.
845 2056 913 2111 mibi
922 2073 1055 2127 praesens
1068 2066 1173 2129 tempas
1181 2060 1274 2130 aptiae

126 2160 233 2214 videtur
249 2160 400 2214 sententiae
417 2164 449 2212 nt
460 2175 530 2228 qnae
536 2159 678 2230 proverbii
690 2159 777 2214 locam
795 2157 900 2213 babeat.
916 2189 949 2198 -
963 2131 1086 2228 indigare
1101 2159 1134 2213 F.
1147 2162 1174 2227 (a
1185 2175 1274 2238 capra

126 2260 177 2299 ser.
196 2261 249 2299 sec.
268 2243 368 2299 ataid.
386 2247 501 2307 manns).
519 2273 554 2281 -
572 2244 653 2310 ised]
672 2248 700 2299 et
717 2244 903 2314 Scioppius.
923 2275 956 2283 -
975 2235 1092 2313 qui'ero]
1108 2243 1131 2297 F
1146 2247 1171 2308 (v
1186 2259 1274 2316 capra

126 2345 178 2386 scr.
201 2345 272 2383 man.
298 2333 338 2396 2),
362 2327 472 2396 quivero
495 2328 612 2382 ceteri.
648 2328 700 2383 oid.
724 2329 785 2399 LSp
806 2328 922 2384 Emend.
943 2329 1022 2383 Varr.
1046 2343 1119 2398 spec.
1142 2344 1169 2397 p.
1189 2333 1214 2380 5.
1240 2358 1274 2368 -

126 2419 140 2467 5
160 2414 276 2477 obiecta]
295 2407 416 2467 ‘oblecta
438 2417 468 2465 nt
490 2411 543 2466 oid.
563 2409 597 2466 F'
625 2412 721 2468 (iroth.
748 2414 828 2468 leti
852 2413 960 2468 litterae
982 2428 1065 2484 saepe
1086 2413 1134 2467 oia
1157 2411 1276 2466 11111111

119 2503 240 2568 possunt
263 2497 292 2550 in
315 2496 347 2549 F.
372 2527 406 2534 —
429 2500 550 2566 possent]
573 2497 680 2567 possint
701 2499 929 2566 Augustinus.
964 2497 1072 2566 possint
1094 2495 1138 2551 oei
1158 2498 1274 2566 possunt

126 2583 155 2637 O.
174 2580 207 2635 F.
226 2581 271 2636 W.
290 2580 416 2635 Muller
433 2580 566 2634 Zeitschr.
585 2582 604 2634 f.
625 2583 813 2651 Gymnasialw.
832 2582 897 2636 XIX
914 2601 942 2653 p.
962 2587 1020 2637 811.
1039 2613 1072 2621 -
1097 2597 1178 2651 quom
1200 2581 1272 2649 LSp.

94 2652 100 2675 ‘
125 2665 253 2734 quoniam
270 2664 537 2733 Rholandellus,
554 2681 668 2733 quorum
684 2666 768 2720 libri
791 2673 847 2728 tum
862 2684 916 2738 per
934 2667 1123 2739 compendium
1139 2667 1274 2738 scriptam

124 2751 153 2804 in
162 2751 246 2815 F)·—
264 2749 418 2817 6111111,
437 2752 465 2803 11
477 2751 596 2804 ceteri.
619 2782 649 2789 -
667 2750 776 2805 comuni
787 2750 819 2817 F,
838 2751 957 2817 retaciat,
975 2752 1029 2806 nisi
1041 2752 1116 2822 qaod
1131 2749 1215 2806 semel
1231 2751 1273 2818 §8

123 2852 151 2903 p.
164 2838 189 2901 4,
202 2838 232 2888 12
245 2833 381 2888 communi
391 2834 523 2905 scriptam
535 2841 581 2889 est.
594 2866 627 2874 -
646 2840 660 2888 1
684 2839 857 2900 commutata]
876 2836 940 2890 add.
950 2837 1021 2907 usp.
1046 2835 1274 2908 praetereuntem

123 2919 252 2974 coniecit:
280 2918 401 2987 Quorum
424 2920 566 2974 verborum
651 2920 680 2973 in
704 2935 779 2975 cons.
799 2921 934 2975 communi
958 2923 1134 2986 [commutata
1152 2962 1158 2976 .
1178 2920 1273 2991 quare]

124 3008 191 3073 quot
207 3004 302 3059 modis.
324 3036 356 3044 -
383 3005 545 3068 litterarum]
564 3021 615 3058 om.
634 3021 659 3072 a,
676 3004 727 3058 Fr.
746 3004 939 3060 Fritzsohe.
975 3006 1129 3062 litterarum
1146 3022 1217 3061 com.
1235 3022 1273 3062 ea

124 3088 266 3142 literarum
277 3088 300 3142 F
311 3089 427 3156 (Groth)¹
445 3088 816 3160 litterarumFtlleil,ASp).
835 3119 868 3129 -
887 3094 901 3144 8
920 3092 1039 3147 scrutari
1056 3091 1165 3147 facilius
1183 3092 1273 3147 Lae·

124 3177 187 3227 tus.
202 3203 236 3211 -
253 3173 362 3242 poterit]
381 3173 452 3244 LSp.
471 3173 592 3242 patietur
609 3173 700 3227 libri.
725 3175 793 3244 fort.
812 3175 884 3245 potis
904 3177 964 3232 erit.
983 3206 1016 3216 —
1043 3182 1070 3231 11
1090 3176 1272 3240 tralationem]

123 3256 192 3325 LSp.
229 3259 421 3313 tractationem
438 3258 471 3326 F,
488 3259 651 3313 tractionem
669 3276 697 3328 p,
715 3260 915 3316 adtractionem
932 3261 1073 3326 Laetus,
1092 3260 1272 3316 arctationem

124 3341 214 3409 vulg.
234 3357 272 3395 en
289 3343 320 3396 B.
347 3339 528 3397 ‘tralationem
547 3344 719 3398 correximus
735 3360 772 3400 ea
790 3344 904 3400 Rbetor.
923 3345 961 3400 ad
978 3345 1098 3400 Hmenn.
1111 3345 1158 3412 IV,
1173 3347 1214 3410 29,
1232 3342 1272 3397 id-

124 3441 177 3494 que
195 3424 327 3479 vocabalo
345 3427 533 3483 traiectionem
551 3427 627 3498 qaod
646 3427 744 3483 ibidem
762 3429 862 3499 legitur
872 3425 1076 3501 praetulimns'.
1094 3430 1165 3499 LSp.
1201 3427 1271 3481 idem

124 3508 192 3563 cidit
210 3507 316 3563 Groth
340 3511 388 3579 qni
411 3511 454 3565 oel
473 3513 681 3567 translationem
704 3513 776 3578 (coil.
794 3513 883 3568 Diem.
901 3515 929 3569 H
946 3533 973 3585 p.
993 3520 1052 3583 442,
1070 3518 1100 3567 31
1126 3521 1153 3567 et
1169 3511 1270 3566 Donat.

124 3593 165 3646 III
182 3610 210 3662 p.
229 3597 288 3658 391,
307 3597 332 3657 2)
351 3596 393 3648 111
408 3597 630 3652 1111111111111
649 3598 719 3662 (coli.
741 3598 863 3668 Cornific.
876 3599 924 3666 IV,
937 3605 978 3667 21,
991 3605 1033 3661 29t
1053 3598 1195 3668 Inpendam
1212 3612 1272 3650 esce

124 3677 248 3732 coniecit.
267 3706 300 3716 -
319 3682 351 3731 12
365 3679 522 3734 sillabarum
534 3681 565 3736 F.
579 3683 805 3751 -productione
820 3683 932 3738 seclusit
946 3684 1019 3752 LSp,
1038 3687 1087 3738 aut
1099 3681 1270 3750 correptione

125 3761 188 3816 add.
208 3760 348 3828 Mallem
367 3767 415 3817 aut
433 3765 620 3821 contractione
637 3766 672 3821 K.
691 3768 724 3821 Ε.
745 3767 896 3837 Georges
910 3768 971 3822 coil.
991 3768 1046 3822 Cic.
1060 3768 1094 3820 de
1107 3770 1175 3820 orat.
1189 3768 1214 3834 3,
1228 3770 1269 3833 50,

126 3850 184 3900 196.
221 3847 337 3915 denique
358 3848 552 3904 vocabulorum
575 3851 762 3919 conpositione
785 3855 833 3906 aut
856 3852 1005 3906 conlisione
1027 3851 1216 3905 Wilmanns
1235 3851 1270 3906 de

124 3930 204 3985 Varr.
220 3931 238 3985 l.
248 3948 357 4000 gramm.
372 3950 399 4002 p.
411 3937 451 3986 25.
482 3933 621 3990 additione
639 3939 688 3990 aut
706 3937 925 4004 commutatione,
943 3940 1087 4004 praeterea
1105 3935 1270 4004 syllabarum

125 4016 261 4070 artatione
279 4021 328 4072 aut
346 4017 568 4085 commutatione,
587 4019 650 4074 item
668 4036 761 4074 earum
779 4021 959 4090 productione
977 4020 1166 4089 Scioppius
1184 4036 1271 4092 capra

125 4101 167 4154 bis
185 4104 278 4156 ternas
294 4102 423 4156 scriberes.
443 4133 475 4141 —
496 4105 535 4156 13.
554 4104 732 4171 quoiusmodi]
750 4106 845 4173 vulg,
863 4105 910 4173 qui
928 4105 1079 4159 cuiusmodi
1096 4105 1129 4173 F,
1148 4106 1203 4174 (qui
1215 4122 1271 4177 per

124 4186 346 4256 campanarum),
364 4187 411 4256 qui
423 4185 593 4255 quoiusmodi
612 4189 700 4243 GHa.
711 4219 743 4230 —
764 4191 1009 4244 llammonendum
1022 4190 1054 4258 F,
1072 4191 1270 4247 admonendum

126 4270 251 4337 ceteri,
274 4272 497 4327 commonendum
513 4271 652 4328 Laetus.
670 4304 704 4313 -
724 4280 754 4329 15
767 4275 932 4344 quattuorF
952 4281 1114 4332 coarctantem

990 4373 992 4378 .
1034 4361 1065 4415 1,
