3038 5048
114 719 256 773 amus

112 1435 255 1490 tn·³1⁰Sr·¹)

156 1595 239 1673 §24

267 329 327 389 126
585 327 700 384 LIBER
717 326 906 386 SEPTIMUS.
941 327 959 395 ὅ
977 330 1018 382 23.
1037 331 1078 383 24.

265 508 363 569 vento
385 521 448 568 non
471 505 527 568 est.
582 501 673 568 Ratis
705 502 798 568 navis
830 502 943 585 langas
975 500 1073 582 dixit,
1107 504 1142 564 ut
1169 497 1315 566 Naevius
1346 516 1425 564 curn

264 601 326 670 ait:

824 705 997 770 conferti
1016 705 1157 789 equitant

416 810 518 875 Rate
539 808 578 873 in
600 816 741 874 aerata
763 808 833 892 qui
854 827 924 892 per
945 806 1145 889 liquidum

416 912 523 976 Mare
545 910 738 975 sudantes
760 913 855 974 eunt
876 916 999 991 atque
1024 908 1177 973 sedent.

264 1014 355 1079 Ratis
385 1013 471 1078 dicta
499 1012 591 1078 navis
621 1013 716 1094 longa
744 1021 874 1095 propter
902 1030 1021 1092 remos,
1060 1009 1146 1091 quod
1173 1009 1223 1092 hi,
1253 1027 1327 1073 cunr
1356 1029 1420 1092 per

264 1134 382 1197 aquam
411 1114 531 1180 sublati
560 1120 634 1179 sunt
663 1113 777 1179 dextra
806 1120 838 1178 et
874 1112 1021 1194 sinistra,
1058 1113 1139 1178 duas
1169 1117 1254 1176 rates
1283 1109 1419 1176 efficere

264 1216 429 1300 videntur3
462 1217 540 1281 ratis
563 1215 663 1297 enirn,
687 1214 770 1281 unde
793 1215 853 1281 hoc
876 1217 1035 1297 tralatum,
1057 1214 1106 1279 illi
1127 1213 1182 1279 ubi
1204 1213 1313 1296 plures
1336 1212 1424 1345 Qu

263 1327 318 1384 aut
339 1337 464 1384 asseres
487 1367 494 1382 .
519 1368 526 1383 .

588 1415 650 1470 HIC
668 1415 788 1470 DEEST
806 1415 846 1468 IN
864 1414 1085 1469 EXEMPLARI

748 1499 890 1555 FOLIUM
907 1501 929 1554 1.

350 1593 378 1654 3.
417 1639 424 1654 .
449 1640 455 1655 .
479 1589 614 1673 agrestis
635 1589 677 1654 ab
701 1606 778 1668 agro
801 1589 904 1654 dictas
926 1596 1075 1674 apparet,
1101 1587 1256 1654 insulatas
1278 1585 1414 1669 hostias,

347 1755 371 1810 F
389 1755 436 1810 iol.
459 1760 488 1809 13
507 1757 576 1811 ratis
594 1756 666 1810 enim

350 1914 362 1963 1
380 1909 463 1978 longa
479 1908 512 1977 F,
530 1928 603 1965 corr.
621 1910 756 1964 Muller.
774 1941 807 1948 -
825 1910 922 1964 neuius
939 1909 972 1962 F.
991 1939 1024 1948 —
1042 1925 1122 1978 quom
1140 1910 1174 1962 H.
1203 1940 1235 1963 -.
1259 1914 1274 1964 3
1293 1910 1415 1966 conferti

263 1995 395 2063 equitant]
411 1994 524 2064 scripsi,
552 1993 730 2063 conferreque
753 1999 802 2048 aut
820 1994 852 2061 F,
879 1995 1004 2049 conferre
1026 2000 1129 2062 queant
1151 1995 1352 2062 Turnebus,
1381 2000 1415 2050 ut

263 2078 389 2134 conferre
415 2084 516 2148 queant
543 2079 706 2146 Scaliger,
734 2079 858 2134 conferre
884 2084 933 2133 aut
955 2080 1099 2148 Laetus,
1126 2096 1181 2135 non
1208 2079 1280 2133 ferre
1306 2085 1414 2148 queant

262 2165 396 2218 Miller.
415 2194 448 2203 —·
472 2169 488 2217 4
505 2173 566 2219 rate
581 2165 611 2217 in
628 2170 723 2218 aerata
740 2164 787 2232 qui
803 2181 853 2233 per
870 2165 1012 2233 liquidum]
1031 2171 1118 2220 ratem
1135 2169 1256 2220 aeratam
1274 2165 1321 2234 qui
1338 2166 1415 2234 perit

262 2250 310 2318 qui
327 2250 392 2303 dum
403 2249 436 2317 F,
454 2254 514 2304 rate
531 2251 709 2317 inaerataque
726 2249 815 2318 perite
826 2249 879 2302 Per
895 2249 1027 2318 liquidum
1040 2251 1198 2319 Scaliger
1214 2251 1274 2319 (qui
1284 2251 1414 2321 dactylos

263 2337 372 2388 irretitur
383 2337 423 2388 sic
436 2351 558 2405 parueris
568 2351 643 2387 mare
655 2339 720 2388 eant
732 2335 861 2388 sudantes
874 2339 956 2403 atque
969 2337 1111 2394 sedentesl.
1130 2341 1215 2390 ratem
1228 2340 1351 2389 aeratam
1363 2337 1413 2404 qui

149 2489 151 2495 Α
261 2419 314 2473 Per
331 2420 463 2489 liquidum
482 2419 614 2473 Muller.
633 2419 680 2486 qui
696 2419 769 2488 perit
781 2436 833 2472 om.
851 2435 878 2487 p.
898 2419 1263 2490 coufiPhilol.XXllI,105,
1276 2419 1412 2474 Vahlen

261 2505 346 2559 Naev.
365 2522 392 2572 p.
405 2510 444 2559 ts.
463 2535 497 2544 -
515 2510 529 2557 5
549 2506 687 2567 sudantes]
704 2504 773 2571 fort.
793 2503 939 2559 sulcantes.
968 2537 1000 2544 —
1028 2507 1133 2569 sedent]
1151 2505 1262 2574 scripsi,
1281 2506 1411 2559 sedentes

260 2590 300 2656 M,
317 2590 466 2656 Laetus,
485 2591 612 2643 sedantes
624 2588 656 2641 F.
675 2604 769 2642 uersus
779 2596 844 2641 surrt
861 2591 1013 2660 urrapacsti,
1033 2590 1082 2659 qui
1096 2591 1137 2642 sic
1154 2606 1263 2659 quoquc
1280 2589 1414 2644 distribui

259 2682 385 2744 passura,
404 2681 435 2726 ut
451 2689 515 2727 vace
533 2678 627 2727 aerata
642 2675 749 2742 primus
767 2689 860 2726 ausus
879 2674 1043 2727 terminatur.
1063 2703 1095 2712 -
1114 2674 1180 2737 chi]
1192 2674 1213 2727 ii
1224 2673 1259 2740 Η,
1272 2674 1409 2730 Laetus.

260 2786 294 2794 -
312 2773 393 2825 quom
410 2757 445 2810 Η,
466 2789 496 2795 -
517 2762 530 2809 'l
549 2762 632 2820 rates]
650 2757 778 2812 Muller
796 2775 833 2812 ecc
851 2758 955 2822 Seruis,
973 2758 1024 2811 virt.
1043 2758 1136 2826 iusru;
1157 2764 1250 2826 partes
1268 2759 1356 2813 libri.
1375 2791 1413 2800 —

262 2845 277 2894 8
294 2840 336 2894 illi
353 2859 405 2895 ara.
424 2842 451 2895 H
468 2858 528 2895 crem
547 2841 657 2902 Seruio,
682 2842 739 2895 illic
757 2842 895 2897 Laetus.
914 2843 947 2896 dc
964 2843 1003 2896 ibi
1020 2836 1126 2912 accitur
1141 2844 1212 2912 LSp.
1230 2843 1271 2896 illi
1287 2844 1413 2911 fortasse

262 2925 425 2979 succinctum
449 2943 507 2980 csse
528 2927 595 2980 llicit
617 2927 723 2981 Grath
746 2927 808 2980 call.
831 2927 925 2981 Neue
946 2928 1009 2982 Lat.
1033 2927 1170 2983 Formenl.
1187 2929 1227 2982 Π2
1244 2945 1271 2997 p.
1290 2933 1348 2984 629.
1376 2961 1412 2969 —

263 3013 279 3062 9
297 3015 414 3072 asseres]
433 3012 594 3064 scrutantium
613 3014 708 3082 captet
726 3012 835 3065 Servius
854 3014 889 3066 ad
906 3014 975 3066 Aen.
988 3013 1010 3078 1,
1023 3015 1068 3065 43:
1086 3009 1169 3067 ‘rates
1187 3015 1299 3068 abusive
1316 3031 1410 3084 naves,

262 3109 326 3147 nam
342 3095 454 3163 proprie
471 3100 545 3150 rates
570 3101 634 3150 sunt
651 3112 772 3151 conexae
795 3096 910 3150 invicem
933 3091 1034 3151 trabes.
1071 3097 1159 3152 Varro
1178 3099 1213 3152 ad
1233 3099 1408 3154 Ciceronem:

261 3184 335 3233 rates
357 3178 433 3233 dicta
456 3180 533 3235 navis
555 3181 637 3247 longa
658 3185 772 3249 propter
795 3195 897 3248 remos,
927 3183 1000 3249 quod
1023 3181 1052 3234 hi
1076 3199 1160 3251 supra
1182 3199 1281 3252 aquam
1305 3184 1409 3238 sublati

261 3265 360 3318 dextra
381 3268 409 3317 et
431 3264 543 3318 sinistra
564 3265 633 3320 duas
655 3270 729 3319 rates
754 3264 863 3320 efficere
887 3267 1027 3333 videntur;
1054 3267 1122 3321 ratis
1149 3269 1234 3334 enim,
1260 3270 1333 3322 uude
1354 3271 1409 3323 hoc

261 3350 440 3416 translatum,
467 3349 515 3402 ubi
531 3349 625 3417 plures
642 3351 708 3405 mali
724 3355 773 3405 aut
790 3351 883 3404 trabes
900 3351 987 3405 iuncti
1005 3369 1078 3422 aqua
1095 3353 1248 3422 ducuntur,
1274 3353 1340 3407 hinc
1357 3371 1408 3408 na-

261 3435 368 3490 viculae
386 3450 448 3488 cum
464 3436 545 3490 remis
563 3435 693 3490 ratiariae
711 3428 857 3490 dicuntur.'
889 3464 923 3474 -
957 3435 1045 3491 Verba
1065 3439 1134 3493 ratis
1159 3439 1231 3493 enirn
1250 3480 1256 3492 .
1275 3481 1282 3494 .
1301 3456 1407 3494 asseres

262 3523 290 3574 iu
308 3520 332 3574 F
348 3521 467 3590 prirrurm
483 3521 549 3589 solii
568 3524 598 3575 13
623 3522 693 3575 rccri
707 3536 814 3574 aarum
837 3538 892 3574 narr
914 3521 1029 3592 captarit
1049 3541 1136 3593 acqua
1159 3524 1309 3594 quidquam
1330 3525 1409 3578 atiud

260 3607 290 3659 iu
308 3623 341 3659 ca
354 3605 462 3676 pacina
479 3607 611 3676 scriptum
629 3613 685 3669 cst;
705 3607 856 3678 proximae
873 3622 983 3676 quoquc
999 3610 1125 3679 paqirrae
1142 3610 1221 3664 uacui
1238 3610 1327 3663 relicti
1342 3615 1408 3663 uarat

262 3707 356 3747 versus
373 3690 469 3760 vicineti
486 3696 624 3760 quattuor,
651 3699 707 3744 tum
723 3692 847 3759 sequitur
870 3692 984 3759 agrestis
1008 3695 1044 3748 ab
1067 3711 1142 3763 agro.
1161 3697 1190 3749 ia
1207 3711 1293 3765 marc.
1316 3700 1406 3748 autam

261 3776 356 3847 script.
375 3792 446 3829 marr.
467 3778 497 3827 l:
524 3776 569 3830 hic
588 3777 665 3830 deest
681 3775 711 3828 in
728 3776 876 3843 exemplari
898 3777 994 3832 lolium
1010 3780 1032 3834 I.
1056 3781 1156 3836 eisdam
1174 3781 1261 3836 uerbis
1279 3780 1406 3834 lacunam

262 3860 364 3914 iudicat
381 3877 398 3914 a
415 3865 442 3914 ct
459 3861 512 3913 uisi
531 3861 605 3930 quod
621 3858 714 3914 deficit
730 3859 826 3914 scribit
842 3861 879 3928 V3
906 3863 951 3917 hic
976 3865 1095 3933 spatium
1118 3866 1199 3920 unius
1218 3871 1311 3921 cartae
1328 3867 1406 3920 deest

261 3945 339 4000 utin
356 3946 505 4015 exemplari
522 3945 557 4014 H,
583 3944 629 3998 hic
646 3948 689 3997 est
707 3944 830 4000 delectus
848 3946 887 4014 M,
905 3947 951 4002 hic
970 3949 1062 4005 deficit
1078 3968 1106 4020 p,
1132 3950 1177 4004 hic
1194 3951 1310 4005 multum
1328 3951 1405 4005 deest

261 4029 294 4096 B,
313 4031 390 4084 deest
406 4031 508 4100 pagina
525 4031 623 4099 vulg,
652 4030 732 4082 arcius
749 4045 844 4084 uersus
862 4031 952 4087 lacurn
970 4034 1004 4101 G,
1021 4033 1159 4088 Laetus.
1187 4064 1221 4072 -
1250 4040 1281 4090 12
1299 4034 1404 4090 Insulas

261 4113 349 4168 dictas
367 4122 483 4183 apparet
505 4116 578 4184 qnod
594 4115 746 4169 velamenta
766 4117 864 4171 hostiis
882 4134 898 4171 e
914 4117 979 4172 lana
1003 4134 1072 4188 quae
1096 4119 1249 4187 adduntur,
1275 4121 1406 4175 dicuntur

258 4197 377 4266 infulae,
403 4200 478 4254 intra
502 4200 654 4255 hostiarum
671 4214 776 4253 cornua
792 4201 945 4257 velamenta
968 4207 1059 4268 erant,
1084 4201 1178 4269 itaque
1203 4202 1343 4260 Laetus.
1370 4235 1404 4246 -

259 4283 422 4354 iuterpuuai
438 4301 499 4337 cum
516 4285 666 4354 Bergkio
677 4289 746 4354 post
762 4292 891 4356 apparet,
909 4292 940 4340 ut
956 4288 991 4340 sit
1009 4286 1132 4352 (hostias)
1150 4287 1266 4355 agrestis
1284 4291 1319 4344 ab
1338 4307 1403 4361 agro

1442 935 1458 983 5

1441 1427 1468 1478 lt
