3038 5048
179 337 230 376 xri
682 321 819 378 Praelatio.

179 498 281 571 primus
302 498 510 575 interpolatione
532 500 642 574 expulsa
671 501 697 557 id
727 501 801 575 quod
825 501 852 558 in
874 499 949 558 libris
971 509 1012 557 est
1033 500 1159 558 restituit.
1203 500 1273 557 llaec
1297 501 1330 558 de

178 582 295 641 editione
309 585 430 660 principe
445 587 558 660 eiusque
572 584 679 643 asseclis
694 586 763 643 dicta
776 585 929 653 sufficiunt3
953 603 1013 652 nos,
1037 601 1071 645 ne
1094 585 1166 643 dubii
1188 585 1331 644 haererent

178 665 308 743 legentes,
330 670 403 727 Laeti
425 670 547 728 varietati
570 671 670 745 ubique
692 672 748 729 eius
770 687 869 729 nomeu
890 672 1088 745 adscripsimus.

265 754 422 813 Ceterorum
437 756 557 812 virorum
571 756 603 812 de
618 755 658 812 bis
672 756 747 813 libris
768 756 837 814 liene
858 755 899 812 vel
922 757 988 812 male
1009 757 1168 814 meritorum
1189 772 1329 814 censuram

177 838 205 893 in
228 839 344 898 editione
365 841 456 915 priore
478 841 611 904 dedimus,
645 857 714 915 quos
741 840 784 897 hia
810 857 967 898 enumerare
992 840 1104 915 longum
1127 849 1181 904 est.
1215 841 1243 898 id
1265 858 1328 899 iero

177 925 324 982 tenendum
346 926 533 983 Antonium
563 925 815 998 augustinum,
849 925 1080 1000 archiepiscopum
1102 925 1329 985 Tarraconensem

178 1008 292 1066 llthll
314 1010 356 1067 iel
378 1010 428 1066 iam
451 1008 598 1083 1111111111)
626 1026 725 1066 novum
751 1009 830 1082 plane
851 1009 968 1067 -heu
990 1019 1120 1084 quantum
1141 1020 1273 1068 mutatum
1295 1010 1329 1068 ab

175 1091 240 1150 illul
256 1126 299 1138 -
313 1095 459 1152 Varronem
473 1095 601 1152 emisisse.
645 1095 681 1150 lie
703 1095 775 1151 curis
796 1094 851 1151 suis
873 1094 1043 1151 Varronianis
1064 1094 1130 1151 nihil
1151 1097 1231 1152 tradit
1254 1104 1281 1154 et
1301 1098 1329 1152 in

177 1180 269 1252 paucis
284 1196 353 1254 quae
374 1180 510 1254 praemisit
530 1178 757 1244 adnotationibus,
779 1179 831 1236 boc
852 1178 939 1236 solum
962 1180 1106 1236 indicatum
1126 1181 1275 1238 invenimus
1297 1183 1330 1238 ad

178 1262 210 1328 V,
224 1266 282 1322 104
306 1271 374 1321 eata
395 1267 455 1322 loao
479 1279 533 1336 pao
555 1265 646 1320 solent
668 1265 737 1321 addi
758 1280 794 1319 es
814 1266 899 1329 mola,
922 1265 1014 1320 idest
1036 1266 1097 1321 sale
1120 1274 1146 1320 et
1166 1266 1245 1337 saite
1266 1282 1329 1322 mo-

178 1345 239 1421 lito]
260 1350 302 1405 sia
322 1350 353 1406 in
374 1351 462 1406 aeteri
483 1350 556 1407 libro
571 1345 690 1406 Achillis
705 1350 796 1421 Masei
811 1365 864 1422 qao
883 1351 998 1406 nultum
1019 1351 1065 1406 usi
1085 1365 1193 1417 sumac·
1216 1353 1247 1406 in
1270 1352 1329 1407 olio

179 1432 253 1489 libro
275 1441 330 1491 ast:
354 1444 421 1492 eata
443 1436 538 1492 altico.
581 1441 608 1490 at
621 1435 757 1508 posterius
776 1434 852 1491 solus
874 1433 953 1491 liabet
973 1434 1003 1498 Β,
1027 1434 1060 1491 de
1082 1451 1136 1508 quo
1159 1434 1237 1508 plura
1258 1435 1330 1493 reic-

178 1532 277 1584 remus,
301 1537 435 1595 quemque
450 1518 606 1577 llaleianum
621 1536 678 1576 non
699 1537 758 1576 esse
778 1519 840 1576 iude
862 1520 998 1584 docemur,
1021 1520 1096 1593 prius
1117 1535 1182 1575 iero
1204 1520 1231 1574 in
1254 1520 1329 1576 nullo

178 1613 289 1676 apparet
310 1613 482 1671 nostrorum,
516 1605 543 1661 in
573 1604 672 1680 quibus
701 1615 741 1662 est
769 1611 836 1660 eata
859 1605 941 1662 olliao
964 1620 1034 1677 quo,
1068 1604 1106 1660 sic
1127 1611 1154 1660 ct
1175 1604 1214 1667 ll,
1248 1621 1329 1678 quem

178 1687 348 1747 deterrimum
371 1708 385 1747 e
406 1690 506 1747 nostris
528 1707 586 1747 esse
607 1707 657 1746 nec
677 1689 890 1764 interpolationis
911 1690 1057 1746 immunem
1077 1688 1203 1765 vidimus3
1233 1689 1330 1745 Laetus

178 1773 280 1846 primus
309 1783 375 1831 eata
403 1776 464 1831 loco
492 1775 535 1832 vel
563 1792 595 1831 ex
620 1774 689 1832 libro
718 1776 821 1831 incerto
842 1774 886 1831 rel
914 1792 946 1833 ex
967 1775 1121 1832 coniectura
1141 1775 1263 1847 scripsit,
1298 1781 1330 1829 ut

178 1860 321 1916 auctoritas
342 1859 420 1916 istius
440 1861 537 1919 veteris
558 1858 620 1915 libri
640 1859 760 1916 hlaleiani
781 1860 846 1916 milii
867 1859 943 1917 valde
965 1859 1000 1917 sit
1021 1858 1110 1916 dubia.
1138 1860 1222 1916 multa
1244 1876 1259 1916 e
1280 1875 1331 1915 co-

178 1941 280 2000 dicibus
302 1943 401 2025 laudat,
425 1962 495 2020 quae
516 1953 607 2019 aperta
629 1947 810 2002 recentiorum
831 1955 895 2002 sunt
916 1952 1080 2009 commentar
1104 1944 1246 2002 doctorum
1268 1961 1331 2000 eum

178 2027 275 2085 auxilio
297 2029 417 2087 adiutum
440 2047 498 2088 csse
520 2030 619 2088 docent
641 2029 720 2087 verba
743 2031 775 2087 ad
799 2029 851 2095 llll,
872 2032 906 2088 11
928 2046 1036 2086 ...ea
1053 2027 1110 2086 Cia.
1127 2030 1176 2086 lib.
1193 2030 1226 2085 11
1248 2030 1329 2085 Tusa.

181 2108 300 2172 Gabriel
320 2115 451 2172 Faernus
479 2117 527 2189 qui
551 2117 690 2189 pleraque
717 2117 779 2172 alia
800 2115 968 2172 emendabat
990 2126 1016 2171 et
1038 2115 1071 2171 ad
1094 2115 1147 2181 Vll,
1173 2117 1211 2174 28
1235 2122 1330 2171 cetera

178 2200 309 2256 mendose
330 2202 438 2276 scripta
459 2203 566 2274 redegit
593 2202 624 2256 in
651 2200 724 2257 hune
754 2202 879 2257 ordinem
904 2197 1039 2256 Octauius
1060 2200 1257 2272 Pantagathus
1280 2200 1330 2271 pai

174 2287 318 2358 penuutta
340 2287 402 2343 alia
423 2285 589 2357 restituit.²)
625 2286 680 2342 Nos
700 2286 728 2342 in
742 2286 774 2343 P.
789 2285 900 2343 Victorii
921 2285 1014 2360 copiis,
1037 2285 1109 2342 unde
1131 2295 1192 2342 nata
1215 2286 1249 2341 sit
1270 2286 1332 2341 Au-

177 2370 278 2443 gustini
299 2372 430 2437 recensio,
453 2372 617 2438 invenimus3
644 2371 689 2428 ille
711 2372 780 2428 enim
801 2371 895 2428 incerti
918 2371 1016 2427 codicis
1038 2371 1193 2427 varietatem
1215 2369 1329 2443 Lugdu·

177 2457 254 2512 nensi
276 2457 386 2514 editioni
407 2458 470 2514 anni
493 2457 628 2513 itoxxxv
649 2474 751 2514 summa
773 2456 907 2530 diligentia
929 2455 1084 2530 adscripsit,
1118 2456 1208 2530 quisi
1230 2453 1329 2510 librum

176 2547 266 2596 totum
287 2543 320 2596 ad
347 2542 424 2597 finem
452 2559 540 2614 usque
567 2541 725 2598 contulisset
751 2541 862 2616 (desinit
881 2558 945 2598 vero
967 2541 1036 2598 libro
1059 2541 1102 2606 111,
1127 2544 1166 2599 74
1189 2539 1276 2596 verbis
1297 2546 1329 2595 ut

178 2625 259 2691 aista,
282 2625 328 2681 uhi
344 2642 375 2681 eii
388 2625 435 2683 illo
451 2633 491 2681 est
510 2625 624 2696 inserit),
647 2642 744 2683 nomen
767 2627 839 2684 unde
861 2627 955 2683 hausta
975 2626 1087 2683 varietas
1108 2642 1184 2683 more
1205 2641 1254 2680 suo
1277 2623 1329 2680 ad-

177 2716 308 2765 notasset.
353 2710 479 2783 Equidem
507 2709 608 2766 nullam
635 2711 712 2766 aliam
738 2712 778 2767 rei
806 2711 977 2786 imperfectae
998 2713 1130 2768 rationem
1151 2711 1243 2775 video,
1277 2709 1329 2765 nisi

250 2926 275 2986 1)
292 2921 327 2974 Μ.
353 2921 472 2973 Terentii
490 2922 624 2974 Varronis
646 2937 715 2987 pars
741 2923 872 2975 libror-nm
899 2928 1028 2989 quattuor
1051 2926 1152 2988 uiginti
1175 2925 1207 2975 do
1231 2924 1328 2988 lingua

180 2992 273 3042 latino.
292 2990 338 3040 Eae
354 2990 512 3041 bibliotheca
530 2992 644 3041 Antonii
659 2990 815 3054 Augustini.
834 2990 933 3042 Itomae
950 2991 1024 3056 opud
1041 2989 1212 3042 Vincentium
1229 2991 1329 3042 Luchi-

178 3074 244 3110 num
261 3057 297 3110 M.
314 3057 349 3108 D.
366 3057 450 3112 LVII.
469 3058 515 3126 qui,
531 3072 654 3110 annorum
672 3072 793 3110 numems
812 3060 890 3111 etiam
907 3057 971 3109 calci
990 3057 1124 3120 adhaeret,
1152 3059 1189 3111 sic
1207 3073 1258 3127 quo
1278 3072 1328 3125 ego

179 3133 238 3180 utor
256 3125 386 3192 exemplo,
413 3127 462 3178 aha
480 3131 510 3177 ut
527 3125 695 3191 Gottingense
713 3140 807 3178 annum
825 3125 933 3177 lllllhllll
951 3125 1045 3177 reterre
1062 3123 1154 3177 Miller
1175 3126 1201 3177 in
1220 3126 1327 3193 praefat.

179 3212 205 3263 p.
223 3193 325 3247 xxviii
340 3202 436 3246 monet.
463 3194 485 3245 si
503 3192 567 3246 duae
585 3198 646 3246 sunt
663 3192 790 3246 editiones
807 3193 939 3256 dicerem,
964 3194 1058 3260 quibus
1075 3192 1173 3260 aliquid
1196 3195 1258 3246 insit
1276 3194 1329 3247 dis·

72 3314 76 3330 (
180 3264 301 3329 criminis,
318 3263 428 3329 priorem
446 3262 586 3329 posteriore
605 3260 738 3313 meliorem
756 3277 808 3313 uon
825 3277 882 3315 esse
901 3265 998 3314 certum
1016 3264 1065 3313 est.

247 3334 273 3398 2)
291 3330 344 3384 Sub
362 3329 439 3382 finem
457 3327 651 3383 adnotationum
660 3330 797 3395 Augustini
815 3330 879 3382 haec
896 3329 1028 3397 leguntur:
1047 3328 1220 3381 Doctorum
1238 3331 1328 3382 viro-

178 3416 247 3520 pupi
270 3399 412 3480 nomina,
442 3397 498 3464 qui
522 3398 619 3450 huius
643 3397 725 3449 libri
748 3397 972 3451 emendationi
996 3410 1128 3463 operam
1153 3397 1327 3462 dederunt,

194 3485 211 3521 ii
232 3483 264 3521 ra
283 3480 482 3533 scripsimus.

535 3533 736 3600 Pomponius
759 3533 886 3586 Laetus.

535 3601 677 3666 Angelus
695 3599 860 3654 Piscinas.

533 3667 621 3720 Fran.
640 3667 868 3723 Rolaudellus.

534 3735 638 3788 Aldus
662 3735 836 3791 Manutius.

535 3802 674 3856 hliehael
696 3804 867 3858 Bentinus.

535 3872 681 3938 Angelus
700 3872 858 3925 Colotius.

535 3939 693 3992 Octavius
712 3939 949 4008 Pantagathus.

535 4008 653 4061 Petrus
671 4006 851 4060 Victorius.

536 4075 606 4128 Ant.
624 4075 838 4156 Augustinus.

180 4227 195 4264 e
214 4211 306 4279 quibus
325 4209 438 4278 Angelus
457 4144 577 4266 (tolotbiig¹
584 4143 865 4290 hobilifllagaveabrbbgm
884 4211 1021 4265 contulerit
1041 4206 1143 4288 nescio,
1169 4204 1278 4259 tortasse
1297 4214 1325 4261 ut

180 4278 356 4347 Pantagathus
373 4286 400 4332 et
416 4281 528 4334 Faernus
546 4279 704 4345 Augustino,
722 4278 815 4346 quibus
832 4278 875 4331 liic
891 4295 953 4332 usus
972 4283 1025 4342 est,
1041 4273 1155 4328 tradidit.
