3038 5048
667 247 703 300 lle
721 246 786 300 libro
804 247 844 304 tx,
1270 265 1330 304 nvn

276 422 415 480 mittimus.
459 421 585 496 quoniam
613 419 695 494 igitur
722 438 773 495 qua
801 421 937 494 loquimur
960 436 1039 487 voce,
1071 420 1156 480 oratio
1180 429 1232 486 est,
1263 423 1331 480 lianc

278 522 386 581 quoque
409 521 518 563 necesse
541 514 583 562 est
604 514 698 560 natura
722 504 819 562 babere
841 505 974 578 analogias
998 545 1004 561 .
1030 545 1036 560 .
1059 522 1142 579 quare
1164 507 1210 581 qui
1232 516 1331 580 negant

278 606 336 647 esse
358 591 384 646 in
408 590 532 647 oratione
551 588 715 661 analogiam,
746 606 801 645 non
824 589 914 645 vident
936 598 1056 647 naturam
1078 607 1133 646 nou
1156 590 1243 648 solum
1267 607 1331 647 ora-

191 726 196 735 .
278 676 366 740 tionis,
389 674 436 731 sed
458 674 538 731 etiam
559 673 665 739 mundi3
690 675 737 746 qui
758 682 847 731 autem
869 674 958 732 vident
979 683 1006 731 et
1027 674 1104 749 sequi
1124 684 1224 749 negant
1246 691 1330 749 opor·

279 767 343 824 tere,
367 767 489 832 pugnant
509 766 604 815 contra
625 766 755 815 naturam.

207 846 253 903 10.
278 843 352 917 quod
373 852 463 900 autem
485 842 539 899 duo
561 859 659 916 genera
681 859 740 900 esse
768 843 860 899 dicunt
888 840 1056 918 [analogiae].
1090 859 1174 900 unum
1200 843 1328 911 naturale,

278 926 390 984 alterum
412 928 593 985 voluntarium
615 935 643 985 et
663 926 743 985 huius
764 943 823 985 esse
844 927 939 994 verba,
963 928 1037 1001 quod
1059 927 1180 984 homines
1202 927 1235 985 ad
1256 946 1331 986 suam

278 1011 392 1086 quisquc
413 1010 578 1070 voluntatem
608 1011 723 1085 fingant,
758 1028 808 1086 ego
839 1010 986 1069 declinatus
1016 1011 1160 1071 verborum
1183 1021 1210 1070 et
1231 1013 1331 1071 volun-

279 1097 360 1153 tarios
384 1105 411 1154 et
432 1096 560 1155 naturalis
582 1113 641 1154 esse
662 1106 738 1171 puto,
763 1106 792 1154 ct
812 1096 1010 1153 involuntariis
1032 1095 1251 1155 declinationibus
1274 1116 1331 1156 esse

278 1180 498 1250 inconstantiam,
532 1183 560 1238 in
584 1182 749 1239 naturalibus
771 1180 962 1247 constantiam,
997 1199 1064 1256 quas
1091 1190 1219 1257 utrasque
1249 1199 1330 1258 quom

276 1281 331 1322 non
355 1265 469 1323 debeant
490 1282 588 1340 negare
616 1283 674 1323 esse
701 1266 888 1332 lucratione,
923 1283 1005 1342 quom
1033 1267 1061 1323 in
1088 1267 1181 1324 mundi
1209 1267 1329 1341 partibus

277 1350 401 1407 omnibus
423 1351 490 1416 sint,
521 1361 548 1408 et
569 1348 760 1408 declinationes
782 1350 924 1408 verborum
948 1351 1092 1424 [naturales
1115 1350 1183 1425 esse]
1205 1353 1330 1410 innume·

276 1433 381 1501 rabiles,
405 1434 547 1492 dicendum
568 1445 608 1491 est
631 1452 689 1493 esse
710 1435 737 1492 in
759 1435 800 1493 bis
821 1435 977 1509 analogiam.
986 1435 1015 1511 *)

264 1518 294 1575 B.
339 1519 417 1589 Quod
439 1520 472 1577 ad
494 1521 644 1578 universam
666 1520 784 1596 pertinet
805 1536 926 1588 causam,
959 1520 1173 1588 consimilitudo
1197 1531 1223 1579 et
1245 1523 1279 1579 sit
1301 1522 1329 1578 in

183 1603 304 1661 oratione
326 1613 353 1661 et
375 1603 471 1662 debeat
493 1604 642 1670 observari,
667 1614 694 1663 et
715 1622 795 1680 quem
817 1606 850 1663 ad
873 1605 950 1662 finem
973 1621 1096 1680 quoque,
1127 1606 1190 1662 satis
1213 1605 1328 1672 dictum3

180 1703 264 1762 quare
279 1690 354 1762 quod
374 1690 498 1763 sequitur
519 1689 552 1746 de
573 1688 695 1764 partibus
717 1689 828 1765 singulis
851 1690 1020 1763 expediemus
1042 1707 1073 1747 ae
1093 1690 1198 1764 singula
1221 1691 1328 1748 crimina

180 1788 249 1848 quae
270 1773 363 1831 dicunt
384 1785 478 1830 contra
499 1773 634 1848 analogias
654 1774 790 1832 solvemus
814 1815 822 1833 .
846 1816 853 1832 .
875 1775 998 1849 incipiam
1020 1774 1090 1833 binc.

228 1859 254 1916 l.
277 1858 349 1932 quod
371 1868 470 1932 rogant
491 1876 523 1916 cx
545 1875 597 1932 qua
618 1868 694 1932 parte
717 1869 840 1933 oporteat
864 1860 948 1917 simile
971 1877 1029 1916 esse
1051 1860 1132 1917 verbo
1156 1861 1281 1927 verbum,
1315 1879 1330 1918 a

278 1959 343 1998 voce
364 1958 397 1999 an
420 1960 434 2000 a
457 1943 661 2017 significatione,
683 1944 880 2017 respondemus
901 1960 916 1999 a
938 1961 1024 2000 voce.
1042 1986 1049 2001 .
1067 1987 1073 2002 .
1091 1946 1153 2011 Vlll‚
1172 1949 1307 2006 39-41.

225 2028 253 2085 2.
277 2026 350 2102 quod
373 2028 480 2094 dicunt,
515 2028 598 2084 simile
623 2028 658 2085 sit
679 2044 764 2084 neone
787 2045 884 2084 nomen
906 2029 1019 2093 nomini,
1055 2030 1238 2103 imprudenter
1265 2031 1330 2087 dri·

276 2110 411 2169 starehum
433 2114 587 2187 praecipere
609 2120 736 2186 oportere
757 2114 871 2186 spectari
900 2129 954 2169 nou
983 2113 1071 2169 solum
1098 2131 1130 2170 ex
1156 2124 1247 2180 recto,
1281 2116 1330 2172 sed

279 2196 355 2254 etiam
378 2215 409 2253 ex
431 2214 524 2254 eorum
546 2197 659 2253 vocandi
681 2213 753 2262 casu,
777 2206 890 2253 errant.
909 2237 915 2253 .
932 2237 939 2253 .
958 2196 1019 2262 Vlll‚
1041 2199 1176 2256 42-43.

225 2283 253 2340 3.
277 2280 350 2356 quod
372 2282 455 2346 aiunt,
479 2297 539 2339 cum
553 2282 581 2337 iu
596 2282 696 2338 maiore
716 2291 792 2355 parte
814 2281 942 2338 orationis
966 2298 1020 2336 non
1042 2281 1077 2337 sit
1098 2281 1250 2346 similitudo,
1274 2298 1329 2338 non

278 2383 336 2424 esse
358 2366 512 2440 analogian,
538 2366 678 2440 dupliciter
698 2366 780 2422 stulto
803 2366 909 2432 dicunt,
941 2365 1014 2439 quod
1037 2365 1111 2422 etin
1133 2364 1233 2421 maiore
1253 2373 1330 2439 parte

278 2459 327 2514 est,
352 2452 421 2508 etsi
443 2451 596 2507 inminere
618 2450 661 2515 sit,
687 2458 773 2507 tamen
795 2452 839 2507 sit.
871 2451 933 2517 Vlll‚
952 2454 1001 2510 37.

224 2538 251 2592 4.
276 2534 349 2608 quod
365 2534 457 2591 dicunt
470 2550 521 2590 nos
536 2535 612 2607 sequi
626 2533 873 2603 dissimilitudinem,
896 2537 986 2609 itaque
1007 2536 1035 2590 in
1057 2534 1162 2597 vestitu,
1185 2534 1212 2589 in
1234 2533 1328 2608 supel-

274 2618 364 2674 lectile
385 2619 510 2674 delectari
531 2618 665 2684 varietate,
698 2619 859 2693 respondeo,
886 2621 909 2676 si
930 2620 1042 2676 varietas
1064 2619 1224 2684 iucunditas,
1247 2619 1329 2693 magis

277 2703 378 2758 varium
401 2703 505 2759 esseio
529 2720 583 2776 quo
606 2702 653 2758 alia
675 2712 739 2760 sunt
753 2703 855 2768 similia,
879 2704 929 2762 alia
944 2721 999 2761 non
1014 2713 1086 2761 sunt.
1111 2703 1175 2766 vltt,
1192 2705 1328 2763 28-30.

226 2789 253 2843 5.
277 2796 382 2860 rogant,
406 2787 428 2843 si
449 2788 592 2844 similitudo
609 2789 643 2844 sit
657 2788 801 2862 sequenda,
826 2806 875 2847 cur
896 2788 1016 2846 malimus
1038 2787 1136 2846 habere
1156 2788 1241 2845 lec-tos
1263 2788 1328 2845 alios

278 2887 310 2928 er
337 2869 432 2938 ebore,
464 2873 529 2929 alios
558 2889 589 2928 ex
611 2873 761 2940 testudine,
791 2874 830 2930 sic
857 2875 921 2931 item
951 2890 1049 2947 genere
1075 2873 1165 2949 aliquo
1194 2873 1262 2940 alio;
1296 2873 1329 2930 ad
1407 2930 1409 2934 a

277 2971 345 3029 quae
361 2956 420 3013 dico
435 2973 491 3014 non
514 2957 741 3015 dissimilitudines
764 2956 863 3031 (solum
887 2976 946 3026 nos,
969 2959 1015 3015 sed
1037 2957 1234 3032 similitudines)
1257 2975 1330 3032 qno-

275 3058 328 3114 que
349 3042 425 3114 sequi
447 3058 534 3116 saepe.

225 3127 253 3183 6.
276 3141 346 3190 cum,
370 3126 472 3199 inquit,
495 3126 616 3184 utilitatis
632 3142 710 3184 causa
736 3128 888 3184 introducta
910 3128 944 3184 sit
967 3128 1060 3193 oratio,
1084 3127 1250 3203 sequendum
1273 3142 1329 3182 non

278 3226 345 3284 quac
367 3209 477 3268 habebit
498 3211 706 3277 similitudinem,
730 3212 778 3269 scd
799 3230 868 3286 quae
890 3212 1094 3287 utilitatem.**)

1226 3387 1326 3396 ...μ-

266 3506 291 3571 *)
308 3506 372 3560 baec
389 3508 415 3561 in
433 3509 582 3562 universum
600 3524 646 3575 pro
664 3508 781 3575 analogia
800 3508 869 3562 dicta
887 3508 967 3561 multa
986 3523 1052 3576 qnae
1064 3523 1125 3561 vera
1138 3513 1164 3562 et
1176 3507 1242 3560 scitu
1260 3507 1328 3561 baud

182 3572 287 3640 indigna
314 3579 386 3640 sunl,
415 3577 561 3642 continent,
589 3576 699 3629 debebat
716 3593 778 3630 rero
805 3577 905 3643 singula
933 3577 1036 3629 crinrina
1063 3577 1088 3627 in
1116 3576 1246 3643 superiore
1263 3575 1329 3628 libro

181 3646 271 3694 contra
288 3642 413 3696 rationem
432 3649 554 3711 congesta
573 3660 604 3697 ex
622 3644 710 3697 ordine
729 3645 871 3711 confutare,
889 3644 914 3697 id
928 3645 997 3711 quod
1009 3645 1129 3711 negligit;
1148 3642 1228 3695 multo
1246 3644 1328 3710 magis

180 3709 273 3762 munna
292 3714 339 3773 est,
358 3711 427 3777 quod
446 3712 519 3779 plura
538 3727 604 3780 quae
622 3713 672 3766 buc
689 3713 818 3780 pertinent
836 3717 862 3765 et
879 3713 915 3765 ibi
933 3716 1050 3777 exstant,
1067 3713 1109 3763 hic
1127 3708 1234 3776 singulis
1251 3712 1329 3778 parti-

179 3777 229 3898 (lpns
246 3776 318 3829 illata
328 3778 463 3897 lleguntur,
481 3782 550 3849 qnod
568 3781 644 3832 index
662 3782 706 3848 qni
724 3781 840 3848 sequitur
856 3782 937 3849 ipsius
950 3779 1080 3847 scriptoris
1094 3779 1177 3831 verbis
1189 3784 1329 3846 conceptus

198 3849 326 3898 amonstra
346 3846 374 3898 it.

249 3912 291 3978 **)
308 3913 381 3966 vides
400 3918 521 3982 quattuor
538 3917 667 3982 postrema
686 3915 749 3968 haec
767 3919 916 3982 argumenta
934 3912 966 3966 ad
984 3913 1129 3966 universam
1146 3917 1255 3980 partem,
1275 3928 1328 3968 non

181 3979 214 4032 ad
232 3981 376 4047 singulares
394 3983 539 4050 pertinere,
556 3986 585 4034 ut
604 3997 650 4035 sno
669 3981 768 4035 deiecta
787 3983 845 4037 loeo
864 3997 921 4035 esse
940 3981 1040 4047 credas,
1067 3980 1113 4033 sed
1131 3985 1157 4033 et
1174 3981 1283 4048 primum
1303 3985 1329 4035 et

180 4047 320 4101 secundnm
338 4049 400 4101 item
419 4050 455 4101 ibi
477 4050 504 4101 in
527 4049 668 4115 universis,
693 4066 745 4103 non
763 4050 935 4118 singularibus
952 4049 1083 4114 leguntur,
1101 4049 1247 4116 scriptoris,
1275 4066 1327 4104 non

180 4115 341 4170 librariorum
365 4117 454 4184 culpa;
481 4131 564 4186 neque
588 4118 705 4184 quintum
729 4123 905 4186 argumentum
928 4118 1006 4170 distat
1029 4132 1043 4169 a
1063 4121 1168 4184 quarto,
1195 4122 1224 4171 nt
1245 4119 1327 4185 magis

180 4183 299 4252 exempla
317 4190 344 4238 et
362 4187 461 4254 copiam
479 4185 580 4238 dicendi
598 4200 674 4253 quam
693 4192 829 4254 praecepta
848 4189 875 4239 et
891 4185 1033 4238 doctrinam
1052 4184 1187 4239 ostendere
1203 4185 1328 4239 rideatur.
