3038 5048
268 305 309 346 xn
778 286 913 342 Presidio.

270 480 351 541 quam
376 465 465 523 melus
486 475 512 522 et
534 466 665 540 scriptore
699 464 825 538 indignus
858 466 892 521 sit
925 463 1056 521 ostendit:
1091 464 1229 536 ospitare,
1264 466 1432 533 msetttom,

271 551 419 608 consilinm
436 544 446 630 fl
462 551 615 615 reminisci,
638 550 824 615 comminisci,
846 550 1005 614 reminisci,
1027 549 1201 615 meminisse,
1225 564 1323 605 omme
1370 567 1432 608 ese-

272 643 330 703 tno‚
361 629 609 716 cremonensem,
631 636 793 702 recordari,
816 635 895 700 octo,
918 635 1005 692 iibere
1021 626 1034 713 fl
1048 642 1185 700 metuere,
1207 633 1349 706 formido,
1369 653 1431 709 pc·

270 737 331 787 cor,
375 721 534 779 meminisse
556 738 576 778 a
596 720 745 786 memorio,
777 735 905 786 monere,
937 718 1108 775 monimento
1123 711 1159 799 fl,
1188 734 1334 786 maerere,
1365 722 1430 779 lec·

272 806 329 862 tari
373 823 478 873 norro,
509 823 564 881 quo
586 816 724 880 postremo
747 803 830 862 verbo
851 805 884 861 ad
905 803 1054 861 secundum
1075 804 1174 860 mentis
1195 804 1323 879 madum,
1348 804 1379 864 b.
1402 823 1429 864 e.

273 891 462 948 addicendum
478 892 583 948 transit.
614 906 683 965 quoe
698 889 768 947 iuter
789 906 819 947 se
841 889 988 946 cohaerent
1008 887 1042 946 ab
1063 888 1096 944 iis
1117 904 1186 963 quae
1208 888 1379 964 praecedunt
1400 901 1429 949 et

271 985 423 1051 sequuntur
444 975 529 1033 aliena
551 975 627 1031 lineis
648 974 795 1032 interiectis
817 974 998 1031 indicavimus.
1042 973 1130 1030 Animi
1159 974 1274 1048 epitatus
1307 976 1428 1049 exponi·

271 1070 330 1126 tur,
360 1070 392 1118 ut
412 1077 428 1116 e
450 1058 595 1134 nanquillo
618 1066 690 1115 statu
710 1059 743 1115 ad
765 1059 879 1116 maiores
905 1059 963 1116 eius
984 1066 1075 1116 motus
1097 1068 1124 1116 et
1145 1059 1269 1116 turbidos
1289 1067 1318 1116 et
1338 1059 1429 1118 laetos

271 1152 403 1210 transeat;
427 1145 519 1219 itaque
540 1144 686 1201 cohaerent
708 1185 715 1201 .
739 1137 898 1225 .flmetno,
921 1151 1007 1200 tremo
1023 1137 1035 1224 ll
1050 1151 1188 1210 metuere,
1209 1144 1346 1217 temnitis,
1370 1162 1429 1219 pc·

270 1246 323 1287 oor
338 1223 350 1308 ΙΙ
365 1245 507 1295 moerere,
541 1229 662 1294 laetari,
696 1230 770 1303 quod
797 1245 881 1286 unum
909 1227 1022 1287 feliciter
1050 1229 1178 1287 commoti
1205 1228 1285 1286 animi
1310 1229 1428 1288 verbum

270 1321 397 1388 apparet,
432 1313 598 1371 desideratur
624 1314 776 1386 condiens,
809 1330 842 1371 ex
863 1314 983 1371 luventio
1012 1312 1046 1370 ab
1073 1314 1133 1388 ipso
1155 1314 1276 1371 Varrone
1302 1313 1427 1382 allatum,

272 1398 425 1464 alacritas,
448 1398 600 1462 hilaritas,
622 1399 718 1465 icens,
741 1398 805 1462 alin,
829 1406 861 1456 ut
881 1399 1049 1455 intercidisse
1070 1399 1199 1475 quaedam
1220 1399 1351 1465 coniciam
1376 1403 1428 1460 sed

270 1482 337 1540 haec
357 1485 475 1559 scriptor
495 1500 590 1558 parum
612 1492 698 1549 curat,
719 1484 810 1558 itaque
831 1492 858 1541 et
880 1485 994 1539 timendi
1016 1484 1145 1558 originem
1166 1483 1298 1558 neglexits
1321 1485 1429 1543 utrius-

271 1583 325 1644 que
347 1570 453 1643 generis
475 1569 606 1627 naturalia
627 1567 709 1626 verba
732 1568 800 1625 inlra
822 1566 842 1645 ξ
865 1571 903 1627 65
926 1567 1093 1626 referuntur.
1136 1569 1196 1625 Non
1226 1567 1339 1626 offendit
1358 1581 1429 1644 post

270 1661 362 1711 metato
385 1655 527 1728 repetitum
547 1662 678 1718 metnere,
703 1654 739 1710 ibi
762 1654 833 1710 enim
855 1654 887 1710 ad
903 1653 1095 1710 ostendendam
1109 1652 1260 1711 formidinis
1274 1661 1302 1711 et
1315 1657 1429 1728 pavoris

272 1739 403 1813 originem
425 1740 490 1796 varii
512 1739 639 1796 commoti
660 1738 738 1795 animi
760 1748 850 1796 motus
874 1747 1046 1813 exponuntur
1067 1747 1095 1795 et
1116 1739 1203 1795 omnis
1224 1740 1263 1796 ris
1284 1739 1311 1796 in
1335 1739 1428 1798 verbis

271 1840 291 1880 n
313 1825 435 1897 quodem
455 1831 547 1895 motn,
575 1824 649 1898 quod
670 1839 752 1898 supra
773 1824 837 1882 dixit
857 1830 974 1880 mentem
996 1824 1199 1896 quodammodo
1219 1830 1339 1891 nomn,
1369 1842 1428 1899 po·

270 1907 321 1964 sita
343 1917 394 1965 est.
437 1907 517 1965 verba
540 1925 642 1964 curare
664 1925 683 1965 a
705 1925 775 1964 cnrc
798 1947 831 1964 ..
854 1909 987 1974 Libitina,
1010 1909 1052 1964 sic
1074 1908 1136 1965 alin
1157 1925 1192 1966 ne
1213 1924 1424 1983 praeponamus,

270 2002 384 2050 monent
409 1994 460 2050 ista
487 2009 557 2050 cnrc
584 1994 659 2067 qnod
686 2010 736 2050 eor
762 1995 835 2060 nsit,
868 2010 937 2068 quae
959 2010 974 2050 a
999 2003 1130 2050 commota
1158 2002 1248 2051 mente
1275 1996 1427 2068 separanda

271 2094 328 2135 non
350 2087 422 2136 suut.
452 2079 557 2153 integer
578 2094 642 2136 vero
664 2095 755 2136 rerum
778 2080 845 2136 ordo
868 2079 907 2136 sic
928 2088 1058 2142 servatur,
1081 2079 1103 2134 si
1123 2075 1199 2155 §49
1213 2080 1373 2136 meminisse
1389 2121 1424 2139 ..

269 2164 441 2220 monimenta
463 2163 541 2221 dicta
568 2165 607 2222 sic
631 2165 775 2239 praemissa
797 2175 951 2239 ponuntur:
986 2164 1136 2220 conciliari
1165 2163 1278 2221 dicitnr.
1294 2156 1307 2244 ΙΙ
1323 2165 1427 2222 Memi-

270 2251 348 2306 nisse
368 2266 388 2306 n
408 2251 544 2309 memoria
567 2292 575 2308 .
599 2291 606 2306 .
628 2251 798 2306 monimento
820 2251 905 2308 dicta.
922 2243 934 2330 ΙΙ
949 2250 991 2306 sic
1018 2248 1163 2305 reminisci
1186 2290 1193 2304 .
1217 2290 1224 2304 .
1247 2249 1283 2306 ab
1307 2265 1339 2305 eo
1363 2267 1426 2324 pn-

269 2351 337 2392 oore
354 2328 366 2417 ΙΙ
381 2335 512 2393 dicerene
536 2377 568 2395 ..
590 2335 643 2393 boc
663 2337 686 2392 si
707 2334 848 2410 probatur,
871 2335 952 2392 verba
975 2335 1011 2390 eb
1034 2334 1131 2390 ecdem
1152 2340 1243 2390 ments
1263 2336 1426 2392 meminisse

270 2421 375 2479 dictum
404 2430 430 2478 et
459 2437 556 2478 omens
579 2463 585 2476 .
611 2421 745 2495 ,integra
770 2436 826 2476 non
854 2427 933 2484 sunt,
967 2430 994 2476 et
1022 2418 1164 2476 delendum
1191 2419 1349 2475 meminisse
1378 2429 1427 2478 aut

269 2506 441 2563 scribendum
463 2522 521 2580 qna
541 2506 714 2572 meminisse,·
737 2505 764 2561 id
785 2505 884 2561 malum
907 2503 1000 2577 effugit
1014 2503 1142 2561 lliiller
1162 2503 1250 2560 verbis
1264 2506 1426 2562 meminisse

270 2606 290 2646 n
310 2592 448 2646 memoria
471 2632 478 2646 .
501 2632 508 2646 .
531 2591 703 2647 monimenta
724 2591 801 2646 dicte
821 2589 917 2664 positis
944 2597 1008 2662 post
1030 2631 1038 2650 .
1060 2631 1069 2649 .
1091 2605 1187 2645 omens
1209 2589 1258 2662 qni
1286 2605 1306 2645 a
1331 2597 1424 2647 mente

269 2689 323 2729 sna
339 2676 465 2731 discedit.
496 2675 535 2730 sic
549 2691 613 2731 vero
635 2690 724 2749 neque
747 2675 791 2731 illa
812 2676 853 2730 sic
875 2676 1018 2731 reminisci
1040 2690 1122 2748 qnam
1144 2691 1179 2730 ee
1194 2714 1202 2730 .
1219 2715 1226 2731 .
1243 2691 1297 2749 qua
1318 2676 1425 2734 ratione

271 2773 332 2814 cum
358 2757 580 2832 praecedentibus
603 2758 763 2816 cohaereant
784 2768 896 2833 apparet
916 2768 943 2816 et
964 2760 1112 2832 composita
1131 2759 1274 2816 reminisci
1295 2799 1303 2815 .
1321 2800 1327 2814 .
1347 2776 1424 2817 com·

269 2842 381 2899 minisci
401 2843 512 2916 simplex
534 2842 646 2899 verbum
666 2844 824 2899 meminisse
846 2843 1021 2909 antecedunt;
1054 2843 1117 2899 item
1146 2860 1242 2918 parum
1268 2842 1357 2918 placet
1383 2846 1423 2904 ab

271 2927 368 2982 eodem
390 2933 480 2982 mente
502 2927 660 2983 meminisse
682 2928 785 2983 dictam
808 2968 815 2982 .
840 2968 848 2984 .
869 2970 879 2992 ‚
899 2928 1057 2984 meminisse
1080 2944 1099 2984 a
1120 2929 1256 2984 memoria
1272 2970 1304 2986 ..
1376 2956 1384 2984 t

356 3012 478 3067 Secunda
500 3028 562 3085 pars
588 3011 683 3085 agendi
706 3012 856 3069 edicendo
884 3020 989 3086 sumpta
1019 3013 1140 3070 continet
1166 3023 1270 3087 etyma‚
1304 3031 1422 3089 quorum

271 3095 339 3152 ordo
362 3103 390 3153 et
412 3095 497 3153 lomna
518 3095 584 3154 haec
606 3106 662 3153 est:
694 3097 790 3168 setar,
812 3097 899 3170 loqui,
918 3099 1108 3170 pronuntiare
1132 3105 1158 3153 et
1179 3099 1324 3164 nuntiare,
1348 3101 1421 3168 dico,

271 3181 426 3254 disputatio
449 3188 475 3236 et
497 3183 676 3255 computatio,
700 3182 823 3248 disserit,
846 3183 945 3254 ledere,
968 3189 1169 3248 murmurator,
1194 3185 1341 3256 spondere,
1372 3201 1423 3242 ca·

269 3282 352 3331 nere,
386 3282 445 3323 oro.
489 3265 577 3323 llirari
603 3266 667 3325 lieet
695 3267 736 3324 vel
764 3269 791 3324 in
812 3268 854 3324 his
879 3267 1003 3325 Varronis
1031 3267 1136 3325 dicendi
1159 3285 1278 3334 morem,
1311 3271 1333 3326 si
1356 3287 1421 3326 ver-

269 3350 367 3408 borum
393 3350 492 3407 lormas
523 3352 636 3410 mutavit
668 3369 718 3409 neo
749 3354 922 3411 substantivis
950 3353 1094 3417 abstinuit,
1128 3361 1246 3410 ceterum
1276 3355 1421 3412 desiderari

271 3436 336 3492 nihil
359 3436 473 3493 videtur.

355 3521 470 3579 Tertiam
498 3521 592 3594 agendi
622 3531 725 3595 partem
754 3522 868 3580 leniendi
896 3523 977 3580 verba
1006 3521 1182 3596 explicantem
1212 3537 1334 3595 magnam
1357 3531 1420 3596 ety-

270 3623 376 3663 morum
398 3607 501 3679 copiam
524 3607 679 3679 exposuisse
700 3623 750 3681 par
771 3617 827 3673 est3
862 3609 975 3682 etquid
1005 3618 1045 3664 est
1074 3607 1148 3682 quod
1177 3608 1319 3672 docemur,
1353 3607 1419 3681 quid

269 3690 348 3748 nobis
370 3688 474 3748 restat‘l
496 3699 640 3765 postquam
661 3693 762 3748 varium
784 3693 888 3765 agendi,
911 3693 1037 3767 gerendi,
1060 3692 1174 3749 faciendi
1195 3709 1275 3749 usum
1297 3691 1418 3766 exemplo

270 3775 469 3840 demonstravit,
498 3774 643 3833 verborum
665 3778 830 3834 enumeratio
857 3778 895 3834 sio
916 3778 1011 3852 incipit
1031 3777 1049 3852 ξ
1066 3781 1104 3838 79
1131 3776 1187 3847 Qni
1209 3776 1326 3833 ddlncet
1346 3777 1418 3834 dici·

271 3866 317 3915 tnr
344 3861 437 3916 decere
460 3862 496 3917 ab
519 3862 611 3926 inere,
645 3868 671 3917 et
699 3862 760 3919 lnce
783 3863 975 3920 dissolventur
997 3864 1143 3930 tenebrae:
1178 3864 1213 3919 ab
1237 3863 1299 3919 lnce
1321 3858 1418 3919 Nocti·

269 3943 336 4000 inco
351 3985 358 4001 .
374 3985 381 4000 .
398 3986 405 4000 .
421 3943 573 4018 dcqedrere
595 3953 636 4003 est
658 3947 697 4002 nd
718 3953 745 4002 et
765 3962 917 4020 quaerere,·
946 3949 1039 4021 ipsam
1064 3947 1208 4018 Quaerere
1230 3949 1267 4004 cb
1289 3963 1322 4003 eo
1345 3946 1420 4020 qnod

270 4042 343 4099 qnos
370 4045 416 4084 res
445 4038 477 4086 nt
504 4037 686 4105 recuperetur
714 4032 800 4087 datter
832 4048 920 4105 opere
1022 4033 1223 4106 Gonqnaestor.
1268 4031 1419 4089 Verborum

268 4113 441 4170 noctiluca.
465 4156 471 4169 .
496 4156 502 4171 .
526 4126 633 4174 noctem
654 4114 767 4173 stellulis
788 4116 937 4174 illustrabat
958 4116 1066 4183 bliiller,
1100 4117 1148 4175 sed
1174 4133 1270 4191 parum
1297 4116 1351 4174 hoc
1371 4118 1418 4175 iu-

269 4213 376 4263 remum
401 4198 466 4272 quid
488 4201 559 4256 enim
582 4201 691 4259 omnino
713 4201 783 4259 inter
804 4218 833 4258 se
855 4218 995 4259 commune
1017 4202 1117 4258 babent
1140 4202 1242 4258 lucere
1257 4209 1284 4259 et
1297 4198 1417 4259 llacere‘l
