3038 5048
660 281 749 334 Satura
767 281 862 335 critica.
1265 302 1339 343 nm·

183 460 277 526 utitur,
301 466 333 516 ut
354 459 384 522 V,
403 459 443 516 80
459 456 557 512 consul
578 454 739 510 nominatus
755 456 803 526 pul
818 456 984 522 consuleret,
1006 457 1054 514 ubi
1068 457 1136 516 male
1152 459 1234 515 Aldus
1250 463 1331 533 puod,

182 545 235 602 vim
264 541 424 602 coniunctivi
447 541 557 613 exponit
578 540 597 594 B
620 538 756 610 corrigens
784 540 832 611 pul
854 541 999 597 consulere
1028 543 1107 599 debet
1114 559 1123 615 ,·
1156 546 1276 618 exempla
1298 545 1334 602 ibi

183 639 311 704 congesta
332 643 388 684 rem
411 631 503 698 aperte
524 624 635 680 docent:

387 716 505 781 praetor
526 708 616 763 dictus
638 707 687 779 pul
708 706 835 780 praeiret
856 748 863 763 .
888 748 895 763 .

390 809 490 849 censor
512 794 550 848 ad
571 791 648 848 auius
671 792 827 847 censionem
849 798 1010 848 censeretur
1028 794 1162 865 populus,

389 878 491 934 aedilis
513 877 561 950 pisi
583 878 667 933 aedes
689 892 790 932 sacras
812 885 838 933 et
859 878 989 950 priuatas
1007 887 1187 950 procuraret,

391 969 552 1034 quaestores
576 979 594 1016 a
617 963 777 1034 quaerendo
800 963 848 1034 qui
870 962 1095 1034 conquirerent.
1122 1006 1128 1017 .

389 1048 495 1104 tribuni
515 1047 634 1103 militurn
656 1046 732 1118 quod
754 1048 826 1102 terni
849 1048 977 1104 tribubus
1001 1089 1007 1102 .
1033 1086 1040 1101 .
1063 1049 1130 1103 olim

473 1132 511 1187 ad
533 1131 686 1187 exercitum
707 1131 897 1197 mittebantur,

387 1217 493 1275 tribuni
513 1217 606 1290 plebei
628 1216 702 1288 quod
724 1232 759 1271 ec
781 1217 901 1273 tribunis
923 1217 1042 1273 militum
1059 1259 1065 1273 .
1080 1259 1088 1275 ,
1103 1216 1176 1288 sacti

473 1302 522 1373 qul
543 1301 651 1373 plebem
673 1301 861 1373 defenderent,

387 1388 509 1443 dictator
531 1387 605 1458 quod
627 1404 645 1441 a
668 1387 780 1440 consule
803 1387 958 1455 dicebatur,

184 1480 211 1528 et
233 1470 262 1534 V,
288 1472 324 1529 87
349 1470 446 1528 iterum
467 1471 498 1527 in
520 1488 551 1525 re
572 1471 692 1527 militari
710 1478 829 1542 praetor
852 1471 941 1526 dictus
964 1472 1012 1542 pul
1037 1471 1166 1543 praeiret
1188 1474 1332 1538 coercitui,

183 1555 232 1613 scil
253 1555 326 1630 quod
349 1556 472 1630 sequitur
494 1555 643 1628 exemplum
672 1571 727 1611 non
757 1556 881 1612 convenit
907 1555 1063 1629 imperator
1084 1557 1120 1612 ab
1143 1557 1260 1628 imperio
1279 1575 1334 1630 po·

180 1641 245 1715 puli
267 1641 315 1712 pul
337 1657 400 1706 eos,
425 1641 473 1711 pul
494 1641 525 1695 id
547 1647 773 1713 attemptassent,
787 1709 788 1712 Ἴ
804 1641 933 1713 oppressi
953 1639 1056 1705 bostis,
1088 1641 1126 1697 sic
1149 1641 1166 1695 V
1189 1657 1248 1699 cum
1272 1659 1333 1698 om-

183 1724 263 1782 uibus
288 1724 378 1788 libris,
414 1725 554 1798 oppressit
575 1724 648 1798 vulg.
671 1742 703 1781 ex
726 1726 743 1780 tt
766 1725 834 1781 male
863 1725 993 1790 correxit3
1029 1727 1091 1800 quiri
1115 1725 1240 1782 Varronis
1268 1744 1332 1784 usus

183 1809 348 1883 requireret,
375 1811 512 1884 perspexit
535 1811 661 1866 Bentinus
682 1809 710 1864 in
733 1809 881 1884 Gryphiaua
905 1811 1074 1882 opprimeret
1096 1811 1237 1877 exhibens3
1273 1829 1333 1868 nam

183 1894 383 1952 coniunctivum
405 1893 519 1968 flagitari
540 1896 702 1968 praecedens
725 1902 936 1969 attemptassent
959 1895 1054 1958 docet,
1086 1904 1112 1952 et
1141 1895 1205 1954 tort.
1229 1898 1278 1969 qui
1300 1914 1332 1954 eo

183 1979 233 2052 pul
255 2020 262 2035 .
287 2021 293 2035 .
318 1980 487 2054 opprimeret
509 1981 703 2054 reponendum.
733 1980 821 2054 pergit
842 1980 925 2035 Varro

386 2064 474 2136 lepati
496 2064 543 2137 pul
565 2065 629 2121 lecti
648 2065 770 2138 publice,
794 2079 911 2137 puerum
933 2081 1022 2137 opera
1037 2110 1045 2125 ,
1062 2108 1069 2125 ,
1085 2072 1257 2123 uteretur..

473 2150 553 2221 quive
575 2150 667 2206 nuntii
690 2190 697 2205 .
721 2191 727 2205 .
752 2156 851 2212 essent,

387 2234 526 2289 ecercitus
548 2236 623 2305 qnod
644 2235 825 2290 eaercrtando
846 2234 877 2305 fit
898 2233 1005 2295 melior,

387 2319 459 2390 lepio
483 2319 557 2389 quod
578 2319 708 2391 lepuntur
729 2318 831 2373 milites
853 2318 884 2372 in
906 2317 1022 2372 delectu.

388 2402 487 2458 cobors
510 2404 584 2474 quod
607 2444 638 2460 ..
663 2418 698 2457 ea
719 2402 872 2474 manipulis
891 2400 1023 2473 pluribus
1046 2400 1203 2471 copulatur,

388 2486 487 2542 eobors
510 2502 582 2559 puae
604 2489 634 2543 ln
655 2487 727 2543 oilla
749 2488 823 2559 quod
845 2486 923 2542 eirca
946 2501 1007 2540 enm
1029 2485 1119 2540 locum

469 2588 557 2644 pecus
580 2578 750 2627 cooreretnr.

182 2655 222 2712 sic
251 2653 327 2732 libri,
357 2653 401 2712 alii
422 2663 612 2722 coerceretur,
642 2656 811 2713 indicativum
834 2655 934 2728 requiri
957 2654 1040 2710 sensit
1061 2653 1080 2708 Β
1103 2660 1246 2708 coercetur
1268 2670 1332 2710 cor-

181 2742 283 2813 rigens,
306 2738 354 2796 sed
375 2749 448 2798 recte
469 2749 523 2797 stat
544 2741 738 2805 coniunctium,
761 2741 785 2796 si
802 2740 885 2796 Varro
908 2738 1014 2812 scripsit
1035 2737 1134 2793 cobors
1156 2739 1229 2810 quod
1250 2749 1280 2794 ul
1300 2741 1332 2797 in

181 2824 256 2881 uilla
285 2863 292 2878 .
316 2865 323 2880 .
353 2826 517 2898 copulatur,·
555 2825 654 2881 cobors
684 2826 714 2880 ln
746 2826 818 2882 oilla
850 2839 907 2896 qua
938 2824 1015 2879 circa
1039 2864 1046 2879 .
1070 2867 1076 2882 .
1100 2830 1268 2881 cooreretur.
1300 2825 1332 2881 dc

182 2917 320 2985 postremo
350 2909 432 2966 verbo
460 2926 516 2966 uon
547 2909 737 2976 dubitandum,
776 2909 912 2967 cohortem
936 2926 951 2964 a
974 2909 1120 2965 cooriendo
1149 2908 1245 2964 dictam
1274 2927 1334 2966 esse

180 2993 297 3051 fortasse
329 3011 359 3051 ex
391 2995 451 3068 ipso
475 2994 593 3051 Varrone
625 2995 706 3051 tradit
727 2994 815 3052 Velius
847 2995 932 3066 Long.
963 3010 990 3068 p.
1015 2995 1112 3058 2229,
1147 2993 1217 3068 apud
1239 2993 1331 3051 Wilm.

181 3097 212 3154 p.
238 3080 307 3137 183.
340 3095 396 3135 nou
426 3077 536 3136 olleudit
563 3080 645 3154 igitur
667 3079 707 3143 Vl,
733 3084 769 3138 57
800 3080 865 3135 binc
887 3081 977 3135 dictus
1000 3076 1121 3151 bopuaa
1147 3080 1195 3150 qui
1216 3081 1332 3135 nimium

182 3165 352 3235 loqueretur,
376 3163 421 3220 ubi
443 3164 540 3220 Laetus
563 3165 686 3236 loquitur
702 3165 826 3222 correxit.
856 3164 938 3219 Etiam
961 3163 1116 3219 indicativus
1139 3179 1199 3219 cum
1221 3161 1330 3218 relativo

181 3248 241 3305 iure
262 3248 366 3321 positus
388 3258 443 3311 est.
478 3249 582 3313 sires,
609 3266 664 3304 uon
687 3265 765 3306 causa
787 3249 933 3311 indicatur,
966 3256 997 3303 ut
1020 3248 1049 3312 V,
1074 3250 1112 3306 89
1135 3246 1243 3302 bastati
1264 3246 1332 3302 dicti

182 3333 232 3406 pul
249 3333 337 3405 prinu¹
357 3332 448 3388 bostis
467 3335 644 3406 pupnabant,
679 3336 717 3392 90
738 3333 915 3406 praesidinm
936 3333 1040 3388 dictum
1061 3333 1109 3405 pul
1131 3338 1212 3387 ectra
1234 3337 1332 3386 castra

178 3417 385 3491 praesidebant
409 3416 468 3490 (ubi
490 3419 559 3489 quic
581 3419 691 3483 LactuS,
726 3417 869 3491 quodlib
891 3411 1061 3494 Scioppius),
1085 3416 1126 3472 vel
1148 3416 1171 3472 si
1192 3413 1331 3470 relativum

181 3502 317 3576 praesedit
337 3501 368 3566 V,
389 3503 446 3560 124
470 3503 519 3574 qui
538 3504 634 3559 einum
656 3505 770 3568 dabant,
793 3509 824 3558 ut
844 3502 1003 3558 minutatim
1024 3502 1184 3570 funderent,
1207 3515 1225 3552 a
1245 3499 1331 3569 pultis

179 3592 288 3658 pultum
309 3587 509 3659 appellarunt,
543 3587 584 3643 vel
609 3590 666 3645 129
689 3589 737 3661 pul
759 3587 995 3643 administrabat
1017 3604 1035 3642 a
1057 3586 1151 3640 cirtem
1173 3583 1331 3638 cinerarius

182 3677 224 3726 cst
246 3670 415 3743 appellatus,
446 3679 473 3728 et
495 3681 635 3745 praesente
656 3680 777 3747 tempore
802 3673 840 3731 39
864 3687 933 3743 aper
954 3670 1087 3727 restibilis
1102 3669 1150 3741 pul
1164 3667 1330 3733 restituitur,

181 3763 214 3812 et
234 3755 274 3820 vl,
298 3757 337 3813 66
367 3756 403 3811 ab
432 3757 547 3827 lependa
576 3758 662 3828 lepuli
689 3759 737 3830 pul
766 3758 856 3813 oleam
883 3763 933 3813 aut
955 3756 1005 3828 pui
1025 3771 1096 3811 neas
1118 3753 1221 3824 lepunt.
1265 3752 1331 3810 haec

182 3839 316 3895 neminem
339 3838 494 3904 offendunt,
528 3842 576 3897 ssd
603 3839 650 3897 ubi
677 3840 823 3916 particulae
845 3842 920 3914 puod
941 3841 998 3897 sine
1020 3839 1123 3895 ratione
1144 3835 1329 3894 coniunctivae

180 3923 325 3994 adhaeret,
357 3924 511 3997 quaeritur,
549 3934 640 3980 unum
662 3925 788 3983 ferendus
811 3927 845 3982 sit
865 3941 964 3990 necne3
1002 3940 1063 3980 uam
1091 3923 1112 3977 si
1142 3938 1174 3977 ex
1195 3920 1330 3995 prioribus

181 4009 296 4083 pendet,
331 4009 390 4065 iure
410 4010 515 4084 positus
538 4017 593 4080 est,
625 4017 656 4065 ut
677 4009 707 4075 V,
734 4012 792 4069 154
816 4011 937 4066 intumus
961 4010 1054 4064 ciram
1076 4006 1115 4061 ad
1135 4004 1256 4063 Murciae
1280 4023 1330 4063 uo-

181 4100 273 4158 catur,
296 4101 326 4150 ut
340 4091 483 4150 Procilius
498 4093 603 4162 aiebat,
626 4094 662 4149 ab
676 4096 778 4159 urceis,
801 4096 875 4167 quod
894 4095 919 4150 is
935 4093 1013 4150 locus
1035 4098 1106 4146 essel
1126 4090 1201 4147 inter
1220 4092 1328 4165 fipulos,

181 4194 233 4234 nec
254 4174 442 4252 offenderet§
466 4179 503 4236 21
528 4177 551 4233 si
571 4175 701 4249 seriptum
728 4189 801 4236 esset
832 4185 910 4234 terra
931 4177 1007 4233 dicta
1036 4177 1071 4232 ab
1102 4192 1148 4242 ea,
1181 4185 1212 4232 ut
1232 4174 1330 4234 Aelius
