3038 5048
473 303 586 360 LIBER
603 303 794 361 SEPTIMUS.
831 305 848 373 ἦ
868 309 925 361 110.
1212 306 1272 366 163

126 474 301 560 generatim
324 474 487 560 diseretis,
517 474 653 560 primurn
680 474 714 540 in
743 494 806 558 qno
833 480 908 542 sunt
935 475 1074 562 origines
1101 478 1271 545 verborum

127 579 267 645 locorum
290 581 322 646 et
344 596 455 644 earnm
476 597 582 644 rerum
604 595 687 658 quae
709 576 742 642 in
763 576 842 644 loeis
866 595 936 644 esse
962 578 1076 662 solent,
1098 576 1270 646 seeundum

127 679 243 760 quibus
265 678 431 746 vocabulis
454 685 600 762 tempora
620 678 685 745 sint
699 683 810 745 notata
833 686 864 745 et
879 696 937 744 eae
959 698 1010 747 res
1033 696 1116 760 quae
1137 679 1170 745 in
1191 684 1425 752 tem-(numeni)

124 779 255 865 poribus
277 777 364 864 fiunt,
387 781 499 847 tertius
521 780 583 862 hie,
605 781 639 846 in
661 800 724 865 qno
746 799 767 844 a
788 780 891 865 poetis
916 779 992 847 item
1015 787 1142 866 sumpta
1163 786 1198 847 ut
1211 780 1269 850 illa

86 888 111 944 5·
125 901 207 964 quse
229 881 299 947 dixi
319 881 352 948 in
375 880 499 948 duobus
521 881 611 948 libris
633 883 739 950 soluta
761 882 917 964 oratione,
949 881 1096 964 quoeiroa
1119 882 1269 964 quoniam

125 984 227 1051 omnis
250 983 356 1067 operis
378 982 419 1049 de
442 983 552 1065 lingna
572 984 673 1050 latina
696 984 753 1049 tris
775 984 836 1051 feei
857 983 966 1068 partis,
992 984 1094 1068 primo
1117 984 1268 1065 quemad·

125 1086 254 1153 modum
269 1085 428 1153 voeabula
441 1083 592 1170 imposita
607 1091 713 1152 essent
728 1086 832 1168 rebus,
848 1083 987 1151 seeundo
1001 1084 1268 1167 quemadmodum

125 1207 165 1254 ea
186 1186 219 1254 in
241 1206 334 1253 casus
357 1186 599 1269 declinarentur,
628 1186 722 1254 tertio
752 1183 1018 1271 quemadmodum
1041 1186 1265 1270 coniungeren-

124 1295 183 1373 tur,
205 1288 309 1373 prima
329 1293 422 1373 perte
444 1293 637 1373 perpetrata,
667 1294 702 1354 ut
724 1285 896 1356 seeundum
918 1286 1015 1354 ordiri
1036 1289 1171 1373 possim,
1194 1287 1269 1356 huie

72 1399 100 1451 ιο
124 1390 206 1460 libro
228 1390 345 1456 faeiem
366 1388 471 1456 finem.

208 1644 220 1698 1
238 1637 317 1712 ‘fort
335 1640 454 1714 primus,
471 1642 501 1696 in
519 1657 572 1711 quo
590 1641 707 1710 origines
727 1683 732 1694 .
751 1681 757 1693 .
776 1641 928 1708 secundus,
948 1640 980 1718 in
995 1657 1048 1710 quo
1066 1638 1177 1711 quibus'
1195 1642 1267 1711 usp.

120 1758 153 1768 -
171 1729 317 1783 uerborum
335 1727 440 1782 deletF
458 1742 540 1780 manu
556 1725 656 1797 nmmo.
674 1755 708 1763 —
726 1728 852 1794 3tepora
863 1723 895 1777 F.
914 1757 947 1765 -
966 1731 1031 1782 sunt
1047 1727 1080 1780 B.
1097 1757 1132 1767 -
1148 1732 1215 1783 note
1232 1728 1266 1782 H.

121 1842 154 1851 -
180 1811 243 1865 din
261 1827 314 1881 quo
339 1827 409 1881 quae
431 1826 449 1866 s
471 1809 560 1881 poetis
582 1809 648 1864 item
676 1813 741 1864 sunt
765 1808 855 1876 posite
882 1808 1074 1881 Scioppius.
1102 1842 1133 1851 -
1161 1816 1192 1868 ut
1212 1811 1268 1878 illa]

122 1895 203 1950 utilia
219 1895 253 1963 F,
270 1910 342 1949 corr.
361 1895 552 1963 Victorius,
580 1893 770 1949 Turnebus.
798 1923 830 1932 -
858 1896 872 1945 5
892 1894 973 1950 solite
997 1895 1080 1965 Vap.
1099 1927 1131 1936 —
1151 1897 1271 1954 diutine

121 1995 172 2033 om.
190 1995 219 2048 p.
237 2009 271 2019 -
288 1978 375 2048 primo
392 1995 443 2034 om.
462 1995 490 2048 p.
508 2009 542 2019 -
560 1983 575 2032 '1
594 1977 732 2034 uocabula
750 1994 800 2033 om.
818 1994 846 2048 p.
