3038 5048
552 295 666 354 LIBER
683 297 874 354 SEPTIMUS.
910 301 927 368 ἦ
945 303 1054 356 bil-63.
1315 298 1374 358 141

275 467 366 537 (lum
389 468 501 537 deum
523 470 775 556 triportenta
796 520 804 537 .
828 522 835 539 .
859 521 866 538 .

315 573 353 640 ln
374 571 564 640 Mercatore:
1423 574 1444 654 ξ
1467 577 1507 640 60

273 674 360 740 Non
381 672 459 741 tibi
479 673 589 742 istuc
608 673 738 758 magis
760 673 989 742 dividiaest
1010 693 1121 758 quam
1142 674 1234 743 mihi
1262 675 1377 745 hodie

1201 776 1289 844 fuit.

194 876 300 944 oHoc
331 873 418 943 idem
451 885 500 946 θεῖ
531 877 565 944 in
598 877 775 947 Corollaria
801 877 927 945 Naevii.
982 876 1114 945 Dividia
1135 878 1177 944 ab
1200 878 1517 948 (ῖίεἰεῖθιεεῖοῖεεεεεε-1

231 976 333 1060 dicta,
366 979 453 1061 quod
486 979 602 1048 divisio
635 979 800 1048 distractio
834 986 884 1047 θεῖ
916 980 1051 1066 doloris;
1085 981 1194 1063 itaque
1226 980 1313 1050 idem
1342 982 1376 1047 in

230 1079 420 1148 Curculione
445 1082 505 1149 ait:

273 1181 350 1250 Sed
373 1184 469 1268 quid
490 1183 568 1251 tibi
590 1184 678 1252 est?
701 1185 785 1251 lien
807 1191 966 1269 enecat,
989 1204 1104 1253 renes
1127 1182 1279 1272 dolent,

272 1285 485 1354 Pulmones
507 1285 802 1354 distrahuntur.

181 1398 209 1450 ro
314 1388 351 1454 In
372 1389 516 1471 Pagone:
1396 1391 1474 1476 §61

274 1488 400 1556 Homo
422 1495 664 1575 Syncerasto
686 1491 827 1575 periit,
850 1490 1002 1576 pernis,
1024 1491 1200 1577 glandio.

231 1589 458 1675 Syncerastum
480 1598 530 1660 θεῖ
550 1611 644 1660 omne
667 1591 808 1660 edulium
829 1593 961 1673 antiquo
984 1593 1140 1661 vocabulo
1162 1613 1288 1679 graeco.
1381 1608 1518 1664 ‹rr-utcu!

316 1695 353 1761 In
375 1695 522 1762 Parasito
544 1693 650 1779 pigro:
823 1713 832 1718 ·
1393 1701 1476 1782 §62

383 1796 549 1864 Domum
570 1796 629 1865 ire
651 1797 765 1883 coepi
787 1796 946 1864 tramite
968 1795 1115 1866 dextra
1136 1797 1211 1866 via.

179 1910 208 1961 ru
229 1899 364 1965 Trames
384 1918 406 1965 a
427 1905 608 1966 transverso
631 1898 744 1967 dictus.

315 2001 352 2067 In
373 2000 547 2084 Fugitiuis:
1397 2006 1418 2087 ξ
1439 2005 1480 2068 63

1062 2165 1374 2176 ——-——.—-—

314 2253 347 2308 F.
365 2253 413 2311 tol.
435 2253 495 2310 reb
513 2256 601 2311 honos
619 2253 769 2311 sincerasto

317 2531 328 2581 1
349 2543 410 2582 cum
435 2528 515 2581 deum
538 2542 590 2581 om.
607 2526 678 2581 BM.
697 2543 778 2595 quom
800 2529 867 2597 (pro
885 2529 955 2590 cum)
973 2541 999 2580 a.
1023 2556 1055 2564 -
1082 2524 1255 2594 triportcnta.
1275 2526 1375 2580 desunt

231 2613 364 2680 quaedam
381 2611 574 2681 Scioppius.
593 2610 759 2680 triporteuta
775 2611 805 2665 in
822 2618 975 2666 mercatore
991 2625 1047 2665 non
1064 2609 1116 2664 tibi
1132 2610 1161 2664 in
1179 2614 1332 2665 mercatore
1350 2609 1373 2663 F

230 2713 290 2752 cum
310 2698 447 2760 omnibus,
474 2695 528 2749 nisi
549 2695 625 2766 quod
645 2702 784 2766 postremo
805 2703 939 2767 quattuor
960 2695 1042 2750 verbu
1066 2701 1107 2750 ter
1123 2695 1223 2768 repetit
1238 2713 1265 2766 p.
1285 2695 1374 2752 Pacu·

230 2781 290 2836 vius
308 2782 388 2836 deum
406 2780 572 2851 triportcnta
588 2781 618 2834 in
635 2785 787 2838 mercatore
804 2782 896 2851 ponit,
924 2781 997 2835 idem
1018 2781 1047 2835 in
1069 2784 1221 2835 mercatore
1238 2780 1302 2835 Non
1322 2779 1375 2836 tibi

231 2865 369 2921 Laetus.
389 2897 419 2904 -
439 2870 454 2920 3
472 2863 626 2920 dividiae’st
646 2866 875 2935 Augustinus,
893 2866 1000 2921 diuidis
1017 2871 1060 2920 θεῖ
1077 2864 1175 2931 libri,
1193 2865 1315 2920 diuidiae
1332 2869 1375 2922 θεῖ

231 2950 349 3004 Plauti
374 2949 458 3004 libri
480 2950 531 3014 III,
554 2953 579 3018 4,
603 2953 738 3016 341615).
766 2953 843 3022 cons.
870 2953 983 3020 Bergk
1009 2950 1136 3020 Beitrtge
1157 2951 1172 3005 I
1190 2954 1230 3005 61.
1256 2955 1314 3007 158.
1340 2981 1375 2991 -

232 3040 247 3089 5
265 3037 334 3090 haec
351 3034 489 3090 Laetus.
517 3066 549 3074 —
576 3035 649 3091 idem
666 3040 718 3101 θεῖ]
735 3038 835 3109 scripsi
852 3053 913 3092 curn
931 3038 1000 3107 LSp,
1029 3037 1077 3107 qui
1093 3036 1165 3091 idem
1182 3037 1235 3091 hoc
1253 3042 1296 3092 est
1313 3037 1375 3093 coll.

230 3137 258 3189 p.
278 3123 336 3186 139,
356 3124 396 3188 13,
414 3121 509 3175 eadem
527 3125 569 3176 θεῖ
585 3120 686 3191 libri,
711 3123 806 3177 cadem
829 3123 1012 3191 Bentinus,
1030 3122 1124 3177 itidem
1141 3125 1168 3177 et
1187 3121 1323 3178 Muller.
1341 3154 1374 3163 —

230 3203 313 3259 Nevii
324 3205 464 3275 Laetus,
481 3206 587 3263 Neuius
600 3207 631 3276 F,
653 3204 738 3278 ‘quod
754 3209 860 3263 savari
876 3215 968 3279 potest
986 3209 1085 3262 omisso
1103 3199 1374 3277 enumeratorum

230 3297 311 3343 anteo
328 3289 390 3359 LSp
409 3293 579 3362 contruserat
601 3291 635 3346 de
656 3295 709 3348 hoc
733 3293 828 3347 eodem
851 3293 945 3349 estin
969 3293 1030 3347 Gor.
1049 3291 1169 3348 Naevius
1194 3309 1268 3348 usus.
1297 3293 1374 3363 coras.

230 3373 371 3428 Ritschl
387 3375 497 3445 Parerg.
515 3395 542 3448 p.
563 3379 604 3430 16.
631 3408 664 3417 -
692 3380 707 3430 6
725 3377 797 3432 idem
815 3395 864 3432 om.
884 3378 922 3445 M,
944 3377 1083 3432 Laetus.
1112 3407 1145 3416 —
1172 3381 1186 3431 8
1204 3378 1261 3433 lien
1278 3383 1375 3433 enecat

230 3458 257 3525 b,
279 3457 351 3512 liene
373 3467 457 3528 negat
473 3461 506 3528 F,
533 3461 605 3517 liene
627 3462 781 3532 negantii.
799 3463 890 3518 Plaut.
916 3464 995 3518 Ourc.
1014 3462 1051 3530 11,
1070 3467 1094 3529 1,
1112 3465 1153 3516 21.
1182 3493 1213 3501 -
1241 3468 1256 3517 9
1274 3463 1373 3518 distra-

230 3545 342 3597 huntur.
366 3559 463 3612 parum
489 3547 573 3601 deest.
602 3548 633 3600 B.
661 3578 693 3586 -
723 3552 753 3602 10
776 3550 902 3619 phegonc
935 3547 1033 3614 Pius,
1068 3547 1181 3602 Phaone
1207 3549 1374 3619 Ladewig,

232 3629 306 3698 conf.
324 3627 468 3684 Ritschl
485 3630 593 3699 Parerg.
611 3636 667 3698 151,
678 3635 737 3700 rot,
754 3632 826 3688 Mus.
845 3633 932 3688 Rhen.
950 3633 977 3687 X
993 3651 1019 3702 p.
1031 3637 1080 3686 441
1100 3632 1211 3703 (Opnsc.
1223 3632 1250 3686 11
1267 3650 1295 3702 p.
1307 3637 1373 3701 131).

231 3743 265 3752 -
285 3718 313 3768 11
332 3715 422 3778 homo]
440 3714 516 3784 LSp,
543 3718 630 3770 honos
648 3716 741 3772 libri.
761 3748 793 3757 -
812 3717 962 3772 sinceresto
980 3718 1012 3772 F.
1036 3749 1070 3757 -
1096 3718 1187 3786 periit]
1206 3718 1277 3786 Lsp,
1302 3718 1375 3787 perit

231 3798 322 3853 libri.
350 3829 385 3838 —
410 3799 529 3868 glaudio]
552 3801 656 3868 gladios
679 3819 750 3857 corr.
774 3819 812 3857 ex
835 3803 944 3872 gradios
967 3802 1000 3870 F,
1026 3801 1131 3871 gladios
1154 3802 1276 3871 ceteri,
1303 3819 1374 3857 corr.

231 3917 319 3973 Pius.
346 3948 378 3959 -
408 3922 439 3973 12
458 3919 637 3975 sincerastum
655 3919 686 3974 F.
704 3948 738 3960 —
759 3889 907 3977 medrilium
925 3921 957 3988 F,
975 3921 1111 3976 modulum
1129 3921 1164 3989 Η,
1181 3921 1329 3977 medullum
1347 3920 1373 3991 b,

231 4005 379 4059 medulium
408 4006 451 4060 vel
478 4005 635 4060 medullium
666 4005 794 4075 ceteri,
824 4024 897 4063 corr.
924 4007 1011 4075 vulg.
1042 4006 1224 4062 omnimodum
1254 4007 1374 4062 edulium

232 4090 263 4145 0.
286 4091 424 4158 Mulier,
451 4094 532 4159 Aug.
556 4089 684 4144 Mulier
709 4108 737 4161 p.
756 4094 797 4146 68.
824 4122 856 4131 -
882 4108 964 4162 greco
983 4091 1015 4144 F.
1043 4121 1075 4131 -
1103 4096 1135 4145 14
1153 4091 1323 4161 cepitramite
1339 4093 1371 4148 F.

231 4177 348 4231 tramitis
376 4177 495 4232 Bothe.
531 4171 606 4247 ‘sort
635 4173 738 4245 eoepit'
769 4177 840 4248 LSp.
869 4207 905 4218 -
932 4178 1048 4233 dextere
1075 4176 1107 4243 G,
1137 4176 1313 4232 Bentinns.
1339 4207 1373 4216 —

234 4265 265 4314 15
283 4266 391 4326 tremes]
409 4263 448 4331 M,
465 4263 609 4330 Laetus,
627 4261 721 4316 tramis
740 4260 771 4314 F.
791 4292 821 4302 -
840 4266 979 4318 ῖηεθθεεο
998 4261 1063 4315 Ma.
