3038 5048
240 257 301 316 144
560 258 675 315 LIBER
691 258 881 315 SEPTIMUS.
917 260 934 328 ἦ
952 263 1061 314 (ts-to.

238 425 291 516 [ab
313 429 439 516 agendo
461 427 626 518 exitiosus]
654 431 697 498 Ut
724 433 766 498 ab
795 450 858 498 unu
879 429 1026 499 faciendo
1047 430 1242 516 Fcetiosse,
1279 431 1334 500 sic
1364 435 1409 502 ab

239 552 302 599 una
323 531 449 618 agendo
472 533 622 602 Aetiosse
644 532 758 601 dictae.

135 633 215 718 §ct
324 636 362 702 ln
383 634 575 704 Cesistione:

281 739 338 804 De
359 738 537 804 stribulo
559 743 626 803 aut
648 737 696 804 de
718 739 855 805 lumbo
877 738 1081 805 obscoena
1102 736 1283 807 viscera.

86 839 397 924 (n·³⁶⁰⁸n·¹tStribula,
419 845 454 906 ut
475 838 601 924 Opilius
623 842 750 924 scribit,
773 841 890 907 circum
912 839 1103 908 coxendices
1124 846 1199 906 sunt
1223 841 1346 928 bo.vis;
1371 842 1407 909 id
1427 853 1441 902 s

239 961 389 1025 graecum
413 948 462 1009 est
483 943 525 1008 ab
548 941 617 1008 eius
641 942 704 1009 loci
726 962 866 1009 versura.

133 1044 216 1125 §68
324 1044 361 1108 In
383 1042 587 1110 Neruolaria:

281 1144 458 1211 Scobina
480 1165 552 1231 ego
574 1144 707 1211 illunc
728 1151 906 1213 actutum
929 1144 1069 1211 adrasi
1091 1164 1238 1212 senem.

239 1246 412 1313 Scobinam
434 1266 455 1311 a
477 1247 589 1330 scobe,
613 1245 689 1310 lima
712 1247 794 1313 enim
817 1246 970 1315 materiae
992 1246 1115 1314 fabrilis
1137 1250 1194 1314 est.

132 1349 216 1428 §69
323 1350 358 1414 ln
381 1348 541 1415 Poenulo:
1349 1350 1360 1375 ⁴
1421 1360 1450 1412 lo

281 1448 511 1517 Vinceretis
533 1468 697 1515 cervum
728 1469 845 1515 cursu
874 1450 938 1516 vel
966 1451 1216 1533 gralatorem
1245 1453 1397 1533 gradu.

239 1550 390 1618 Grslutor
411 1571 432 1615 a
453 1551 554 1635 gradu
577 1571 693 1636 magno
715 1551 827 1618 dietus.

132 1656 215 1735 §70
321 1655 360 1719 In
382 1653 591 1720 Truculento:

280 1755 376 1822 Sine
409 1754 567 1821 virtute
600 1760 781 1837 argutum
816 1755 947 1822 civem
980 1755 1078 1820 mibi
1110 1755 1282 1822 babeam
1316 1778 1393 1842 pro

1108 1857 1301 1941 praefica
1414 1869 1443 1922 15

85 1954 414 2044 u·³⁵1⁸n.¹›[Prcofioo]
442 1956 542 2042 dicta,
576 1963 611 2025 ut
638 1957 786 2024 Aurelius
814 1956 939 2041 scribit,
973 1958 1102 2041 mulier,
1135 1959 1177 2025 ab
1207 1961 1279 2028 luco
1302 1980 1392 2045 quae

238 2060 429 2128 conduceret
457 2079 540 2143 quae
570 2068 645 2128 ante
675 2059 802 2127 domurn
835 2059 950 2126 mortui
982 2061 1087 2127 laudis
1121 2060 1189 2127 eins
1223 2071 1391 2134 canerent.

325 2300 337 2350 1
356 2295 392 2350 ub
409 2297 514 2365 egendo
532 2294 674 2360 exitiosus]
692 2311 730 2350 aa
747 2311 832 2366 mara.
851 2295 930 2349 iliata
948 2311 1006 2350 esse
1027 2311 1131 2350 censeo.
1159 2297 1273 2366 agendo]
1297 2315 1389 2368 egeno

237 2380 289 2450 Vp.
309 2412 341 2420 —
360 2380 469 2435 luciend
481 2381 513 2448 F,
532 2380 661 2436 faciundo
675 2379 739 2436 GH.
759 2411 790 2419 -
809 2380 958 2436 iactiosse
969 2381 1053 2435 libri
1070 2380 1123 2436 boa
1135 2380 1204 2447 loco,
1222 2381 1346 2438 sotiosae
1360 2389 1391 2441 et

237 2466 370 2522 uitiosae
383 2467 517 2521 Muller.
534 2467 606 2536 sort.
625 2465 767 2521 uitiosae.
786 2496 820 2505 -
837 2465 896 2520 sic.
912 2467 1052 2521 ‚sotiosae
1070 2483 1120 2520 om.
1133 2483 1158 2522 s.
1177 2497 1210 2505 —
1228 2471 1243 2520 3
1262 2469 1390 2526 cestione

237 2551 276 2619 M,
293 2552 432 2607 Laetus.
460 2551 536 2622 eoas.
555 2550 693 2606 Ritschl
710 2550 820 2618 Psrerg.
838 2569 865 2620 p.
887 2556 944 2605 150.
972 2581 1005 2591 -
1032 2551 1099 2607 4de
1117 2551 1241 2616 stribulo]
1259 2553 1332 2624 LSp‚
1351 2557 1390 2612 de

238 2635 355 2690 stribuls
372 2636 569 2703 Turnebus,
587 2636 732 2690 distribuis
749 2635 957 2705 FGHMVs,
984 2623 1135 2692 deisc¹buls
1152 2637 1179 2705 b,
1207 2638 1243 2692 du
1268 2639 1390 2697 stribula

237 2721 267 2774 M
274 2721 373 2776 dller.
393 2752 425 2759 -
444 2724 501 2830 apt]
520 2725 551 2775 ut
568 2720 600 2788 F,
619 2737 691 2775 corr.
712 2720 904 2790 Scioppius.
925 2753 956 2760 —
981 2723 1117 2779 obscoena
1134 2722 1240 2778 viscere
1257 2724 1388 2792 stribula]

529 2801 542 2829 V

237 2838 375 2907 Mttller,
394 2839 555 2894 obscencbis
569 2840 750 2895 cersstribula
761 2841 784 2894 F
798 2858 847 2896 aea
859 2849 966 2896 mutant
978 2844 1062 2897 ceteri
1071 2843 1127 2896 nisi
1137 2842 1211 2912 quod
1222 2842 1389 2902 obseensbis

238 2921 303 2990 GH,
323 2924 503 2978 obscoensbis
521 2925 608 2993 Vap,
627 2926 774 2980 obcenubis
792 2926 831 2993 M,
850 2928 1008 2982 obseruabis
1025 2928 1057 2995 b,
1075 2927 1124 2981 sed
1140 2928 1168 2981 ia
1187 2928 1262 2983 uallo
1280 2930 1353 2985 illud
1370 2951 1388 2988 v

238 3006 346 3076 lcqitur.
366 3036 398 3045 -
417 3013 432 3062 5
451 3025 520 3064 coxa
537 3009 641 3063 indices
661 3010 693 3078 F,
712 3027 783 3064 corr.
803 3011 922 3066 Aldus.
944 3042 974 3049 -
993 3011 1079 3077 bonis]
1097 3012 1176 3067 uobis
1194 3012 1227 3067 F.
1245 3015 1326 3070 nouis
1346 3016 1388 3084 M,

237 3090 316 3146 nobis
334 3092 477 3160 Laetus,
496 3109 567 3147 corr.
586 3095 781 3165 Scioppius.
801 3126 835 3135 -
853 3101 868 3149 6
886 3111 995 3164 grecum
1013 3095 1045 3148 F.
1065 3125 1097 3134 -
1116 3102 1130 3149 t
1148 3097 1178 3150 in
1196 3100 1334 3155 eruoluriu
1352 3103 1387 3172 F,

237 3193 308 3232 corr.
326 3177 445 3232 Aldus.
464 3208 496 3217 -
517 3183 531 3232 8
551 3179 673 3244 scobina]
691 3181 891 3249 Scioppius,
917 3181 1056 3235 scobinum
1073 3181 1167 3236 libri.
1196 3183 1315 3254 produci
1331 3203 1387 3242 ma-

237 3278 310 3333 diam
336 3279 468 3351 ..syllabam
496 3277 609 3336 seoblns
634 3282 688 3336 iam
715 3283 845 3337 Luehm.
873 3284 909 3338 sd
934 3283 1016 3337 Luer.
1040 3284 1081 3337 lII
1102 3301 1127 3339 v.
1148 3290 1196 3339 790
1219 3288 1323 3342 statuit.
1351 3318 1387 3329 -

236 3364 331 3430 illunc]
348 3367 461 3437 scripsi,
479 3367 556 3421 illum
572 3367 665 3421 libri.
685 3367 760 3422 illum
862 3372 985 3423 actutum
1005 3369 1092 3424 medio
1111 3370 1241 3425 vocabalo
1258 3389 1338 3428 craso
1356 3393 1384 3444 p.

237 3480 272 3491 -
283 3458 383 3517 senem]
395 3453 594 3507 Lachmann
605 3454 664 3524 (qai
676 3453 789 3509 scobina
806 3453 836 3507 ni
854 3470 903 3523 ogo
921 3454 997 3507 illurn
1015 3457 1138 3509 actutum
1155 3457 1254 3512 adraso
1273 3471 1386 3533 senem),

238 3537 310 3591 enim
327 3538 418 3592 libri.
437 3538 587 3592 sdruserim
602 3555 657 3608 pro
675 3539 768 3593 udrssi
785 3539 856 3593 eninr
874 3540 1007 3594 Miller.
1035 3571 1068 3579 -
1095 3544 1110 3593 9
1130 3541 1268 3597 scobinsnr
1285 3542 1384 3615 libri,

237 3622 305 3692 fort.
317 3624 472 3694 fereadum,
491 3623 603 3679 scobina
616 3624 812 3694 Scioppius.
834 3655 864 3663 —
883 3624 1023 3688 materiae]
1034 3625 1141 3696 scripsi,
1157 3628 1271 3683 muteris
1289 3629 1383 3684 libri.

239 3739 273 3748 -
293 3714 324 3763 10
336 3710 436 3779 penulo
450 3710 481 3762 F.
500 3739 533 3748 -
554 3713 582 3763 11
598 3709 700 3763 circum
718 3726 798 3764 curso
816 3710 848 3778 F,
867 3726 939 3765 corr.
951 3711 1061 3765 Aldus
1079 3729 1117 3766 ea
1128 3713 1217 3768 Plsut.
1236 3712 1320 3767 Poen.
1332 3713 1385 3782 III,

241 3798 264 3861 l,
283 3797 324 3848 ll.
352 3824 385 3835 —
412 3795 462 3858 vol]
481 3798 517 3850 ui
533 3795 565 3862 F,
583 3799 614 3848 ut
631 3811 656 3849 a.
684 3825 716 3834 -
743 3797 857 3863 gradum
873 3797 906 3863 F,
933 3813 1003 3851 corr.
1023 3796 1129 3852 Aldus
1152 3815 1190 3852 ea
1215 3796 1324 3852 Plauto.
1349 3829 1384 3838 -

242 3882 274 3931 14
291 3895 341 3947 pro
354 3879 458 3950 prefica
470 3880 545 3934 dictu
556 3880 589 3948 F,
606 3897 656 3948 pro
669 3880 790 3948 praefica
802 3881 923 3951 praefica
935 3883 1010 3936 dictu
1022 3882 1054 3948 B,
1072 3883 1184 3937 Aldus.
1203 3884 1279 3954 roas.
1292 3883 1382 3938 Plsut.

240 3961 465 4033 Truc.ll,6,14.
484 3996 518 4005 -
537 3969 569 4020 16
588 3965 623 4020 sb
641 3967 702 4020 luco
721 3966 753 4035 F,
772 3968 806 4021 sb
824 3968 883 4022 luto
900 3984 927 4036 p,
945 3968 980 4021 ab
998 3969 1074 4022 luctu
1091 3967 1253 4021 Rbolsnd.
1272 3985 1331 4040 cum
1348 3969 1382 4023 B.

240 4048 277 4100 sd
299 4047 401 4103 luctum
427 4051 620 4106 Turnebus.
647 4052 768 4123 intelliqe
792 4052 826 4107 ab
844 4053 906 4107 luco
929 4053 1043 4108 Veneris
1065 4052 1211 4106 Libitinae.
1238 4052 1276 4120 cf.
1301 4053 1382 4107 Dion.

240 4130 328 4186 Helio.
342 4132 389 4201 IV,
405 4139 435 4189 15
452 4129 613 4210 Ἀφροδίτης
633 4133 665 4192 ἐν
687 4132 774 4194 ἄλσει.
793 4169 826 4176 —
847 4143 877 4191 lt
896 4139 1080 4193 conduceret.
1094 4177 1101 4191 .
1115 4139 1253 4199 canerent]
1274 4135 1384 4207 sampsi,

242 4218 460 4274 conduceretur.
476 4262 481 4272 .
496 4226 607 4276 caneret
623 4222 712 4278 libri.
732 4254 764 4264 —
781 4224 876 4278 laudes
896 4224 919 4278 G
937 4224 1074 4278 Luctus.
