3038 5048
469 350 583 406 LIBER
601 349 777 413 OCTAVUS.
813 352 924 420 §2-4.
1198 351 1257 409 165

114 521 184 605 hae,
207 541 262 588 cur
284 530 318 589 et
338 541 402 606 quo
425 528 458 589 ct
476 520 745 606 quemadmodum
766 521 800 587 in
821 521 982 605 loquendo
1005 520 1165 589 declinata
1187 527 1259 589 suut

114 624 222 691 verba.
266 624 317 690 De
339 623 455 706 quibus
482 622 546 691 duo
567 623 672 709 prima
700 622 825 691 duabus
853 623 958 691 causis
985 643 1167 708 percurram
1189 623 1257 690 bre-

114 726 205 809 viter,
234 724 320 808 quod
343 732 376 792 ct
396 729 473 808 tum,
496 746 568 792 cum
590 726 631 791 de
654 724 747 811 copia
768 724 936 792 verborum
957 724 1104 807 scribam,
1129 724 1189 792 erit
1209 743 1257 790 re·

115 827 314 894 tractandum
342 833 374 892 et
402 828 487 908 quod
514 826 555 893 de
583 826 684 893 tribus
711 826 840 892 tertium
867 825 953 909 quod
982 835 1032 893 est
1057 826 1156 894 habet
1183 845 1258 894 suas

76 942 90 992 s
115 928 288 1014 permultas
310 947 348 993 ac
371 947 502 1011 magnas
523 933 641 1013 partes.

199 1033 229 1096 2.
259 1029 440 1097 Declinatio
461 1028 591 1096 inducta
611 1028 645 1094 in
666 1046 828 1096 sermones
850 1048 912 1096 non
927 1028 1030 1095 solum
1052 1028 1177 1111 latinos,
1200 1026 1259 1094 sed
1281 1029 1301 1108 ἓ
1324 1029 1343 1092 3

114 1131 253 1199 omnium
274 1131 439 1198 hominum
464 1130 536 1198 utili
558 1137 591 1197 et
611 1130 793 1197 necessaria
814 1129 855 1198 de
877 1149 989 1215 oeusa3
1022 1130 1085 1196 nisi
1107 1129 1191 1197 enim
1211 1128 1414 1197 isaacus-¹)

114 1238 199 1301 esset
214 1233 342 1316 lactum,
364 1251 469 1316 neque
492 1231 616 1300 discere
637 1238 760 1298 tantum
781 1252 947 1299 numemm
960 1233 1131 1300 verborum
1148 1248 1256 1316 posse-

114 1353 183 1400 mus
204 1369 247 1380 -
261 1332 403 1399 infinitae
426 1332 511 1400 enim
532 1339 605 1399 sunt
626 1339 759 1401 naturae
780 1334 814 1400 in
836 1353 916 1416 quas
939 1352 978 1401 ea
1000 1332 1200 1401 declinantur
1215 1369 1257 1379 —

63 1448 91 1500 to
112 1455 216 1517 neque
239 1454 321 1520 quae
337 1433 559 1502 didicissemus
582 1456 622 1502 ex
637 1436 698 1518 his,
721 1454 803 1518 quae
825 1435 907 1501 inter
928 1454 963 1503 se
983 1455 1088 1502 rerum
1110 1434 1258 1518 coguatio

114 1544 212 1620 esset,
245 1541 423 1622 appareret.
467 1537 512 1602 At
539 1557 623 1604 nunc
653 1537 727 1604 ideo
757 1537 919 1618 videmus,
952 1535 1038 1618 quod
1066 1536 1170 1603 simile
1200 1542 1258 1603 est.

113 1639 206 1718 Quod
238 1643 447 1723 propagatum
470 1637 550 1718 Legi
582 1637 744 1705 declinatu
772 1646 836 1721 est,
870 1637 933 1704 duo
966 1639 1061 1705 simul
1093 1644 1259 1723 apparent,

114 1741 254 1824 quodam
275 1738 370 1807 modo
393 1737 507 1805 eadem
528 1738 593 1805 diei
615 1745 647 1805 et
668 1760 731 1808 non
757 1738 870 1806 eodem
892 1745 1034 1825 tempore
1056 1743 1191 1823 iactum;
1225 1746 1260 1806 ut

113 1843 142 1909 si
167 1842 259 1909 verbi
292 1840 396 1924 gratia
428 1839 564 1905 alterum
597 1840 710 1907 horum
743 1839 901 1907 diceretur
928 1842 1090 1928 Priamus,
1123 1842 1259 1909 alterum

61 1955 90 2007 ts
111 1944 232 2026 Eouba,
261 1941 383 2009 nullam
405 1940 559 2007 unitatem
581 1939 827 2025 adsignificaret,
855 1961 938 2024 quae
960 1949 1094 2029 apparet
1115 1944 1148 2009 in
1170 1946 1258 2028 Lego

113 2052 144 2112 et
166 2043 246 2127 Legi
273 2047 307 2110 et
330 2043 364 2108 in
386 2041 531 2109 Priamus
552 2042 690 2109 Priamo.
757 2043 801 2109 Ut
827 2042 860 2108 in
889 2043 1069 2112 hominibus
1098 2045 1257 2127 quaedam
1279 2046 1299 2126 ξ
1322 2050 1342 2110 4

112 2150 185 2214 sunt
213 2144 399 2226 agnationes
432 2163 472 2210 ac
499 2144 708 2228 gentilitates,
742 2143 788 2210 sic
820 2143 853 2210 in
882 2145 1005 2228 verbis3
1040 2152 1074 2211 ut
1103 2147 1187 2212 enim
1216 2147 1258 2213 ab

113 2245 250 2315 Aemilio
273 2245 418 2313 homines
445 2245 507 2312 orti
528 2245 658 2312 Aemilii
679 2266 719 2312 ac
738 2245 892 2330 gentiles,
921 2245 967 2312 sio
989 2247 1031 2312 ab
1054 2247 1184 2313 Aemilii
1204 2269 1258 2314 no·

184 2439 194 2487 l
215 2437 243 2488 et
253 2433 283 2487 in
295 2447 349 2500 quo
360 2431 447 2501 vulg.
461 2447 498 2485 eoo
510 2431 541 2484 B.
556 2429 608 2486 oid.
620 2447 647 2500 p.
660 2435 718 2500 161,
732 2435 763 2485 14
775 2438 803 2486 et
815 2435 873 2498 111,
887 2433 927 2484 16.
946 2460 979 2469 -
999 2434 1069 2494 sunt]
1082 2432 1120 2501 cf.
1130 2431 1160 2486 c.
1171 2430 1202 2485 F.
1213 2431 1258 2487 W.

112 2518 241 2574 Mdller
258 2536 285 2588 p.
300 2519 357 2571 810.
377 2513 447 2570 Inde
463 2533 481 2569 a
499 2515 587 2571 cerdis
604 2515 743 2571 declinata
760 2519 824 2570 sunt
841 2516 925 2571 verba
942 2516 976 2570 de
994 2515 1100 2584 quibus,
1119 2532 1191 2585 pace
1208 2533 1259 2572 ea·

113 2612 197 2660 tremo
215 2617 295 2659 versa
312 2599 416 2669 scripta
433 2605 510 2664 sant,
531 2600 672 2670 usquead
689 2605 717 2656 et
734 2601 843 2670 obliquo
862 2602 878 2668 ξ
898 2605 912 2653 1
930 2605 956 2654 et
973 2601 1091 2655 minace
1107 2605 1171 2655 sarri
1188 2603 1216 2656 irc
1235 2601 1258 2655 F

112 2689 218 2744 litterae
234 2692 263 2741 et
278 2684 440 2757 augustiora
457 2684 528 2739 inter
555 2700 648 2740 casas
671 2685 764 2757 spatia
789 2690 815 2739 et
837 2684 1012 2754 frequentior
1038 2685 1259 2755 compendiorum

112 2789 187 2828 auus.
205 2770 304 2826 scabra
322 2774 413 2823 autem
430 2773 471 2824 est
487 2769 644 2825 membrana
662 2775 689 2824 et
704 2769 812 2842 scalpta
829 2774 860 2823 at
876 2768 929 2823 vid.
947 2767 985 2824 ad
1000 2785 1048 2823 eas
1066 2768 1153 2823 lineas
1170 2769 1259 2824 delen-

113 2857 164 2913 das
181 2871 253 2927 qaae
265 2854 329 2911 otim
341 2853 440 2908 ductae
451 2858 530 2908 erant
542 2853 630 2920 (Keil).
650 2854 679 2908 ia
696 2869 798 2909 rasura
814 2852 883 2908 isaeo
899 2852 980 2908 vada
996 2854 1101 2924 scripta
1119 2869 1177 2909 esse
1193 2853 1260 2910 dicit

115 2940 209 2998 Grati.
227 2970 262 2981 -
283 2943 298 2994 3
316 2955 397 3008 quom
413 2939 474 2993 Ha.
493 2968 526 2977 -
550 2945 743 3008 opermagnas
760 2955 786 2995 a.
804 2969 838 2977 —
861 2941 877 2991 6
895 2933 973 3007 ‘sort
991 2937 1138 2995 decimatio
1154 2939 1185 2994 in
1202 2955 1259 2995 ser·

112 3043 192 3083 mone
209 3042 263 3082 non
282 3024 369 3080 solum
386 3023 485 3091 latino,
503 3022 579 3093 qaod
594 3028 667 3078 certe
682 3023 896 3094 praeferendam
915 3028 957 3076 est
972 3022 1126 3094 scripturae
1142 3023 1258 3081 latinum

112 3112 156 3169 oet
171 3105 329 3167 latinorum'
344 3109 415 3178 LSp.
435 3139 466 3147 -—
486 3108 582 3173 tutili]
606 3113 661 3164 tres
675 3112 831 3179 postremae
849 3106 956 3162 litterae
972 3107 1093 3162 incertae
1108 3115 1173 3164 saut
1190 3109 1218 3164 irc
1235 3110 1259 3164 P

114 3196 204 3262 (Keil).
216 3195 278 3250 utili
290 3199 319 3250 et
329 3210 382 3249 om.
395 3192 425 3246 Μ
438 3193 466 3247 ia
479 3193 587 3248 lacuna.
605 3222 639 3232 -
658 3197 672 3248 8
685 3191 776 3248 dicere
787 3191 821 3260 1¹¹,
839 3208 909 3247 corr.
921 3191 1055 3247 Mdller.
1074 3224 1106 3232 —
1127 3199 1159 3248 10
1170 3209 1259 3262 neque

114 3297 148 3336 ea
165 3297 234 3350 quae
252 3296 277 3335 a.
296 3308 330 3319 -
350 3282 379 3332 11
398 3281 546 3347 appareret
563 3294 635 3332 corr.
653 3294 691 3333 erc
708 3276 879 3346 apareretP.
898 3306 931 3317 —
948 3276 1021 3342 ideo]
1037 3276 1068 3329 id
1085 3292 1117 3332 ec
1130 3277 1159 3332 C.
1170 3279 1201 3332 P.
1212 3277 1257 3332 W.

113 3365 240 3419 Mdller
262 3379 289 3432 p.
315 3364 373 3415 872.
400 3390 434 3401 -
462 3364 493 3416 12
506 3368 575 3430 post
591 3366 770 3432 propagatum
788 3361 958 3433 interpunpit
974 3361 1109 3416 Mltller.
1137 3391 1170 3401 -
1196 3359 1258 3429 legi]

113 3448 229 3519 scripsi,
253 3446 353 3513 legium
370 3445 403 3513 F,
427 3446 480 3515 legi
498 3450 529 3500 ut
546 3446 693 3514 Laetus,
719 3445 772 3514 legi
789 3445 839 3500 ubi
855 3444 982 3500 Mdllcr
1003 3445 1083 3516 prod.
1103 3446 1258 3501 Grcthio.

112 3528 193 3602 ‘fort
205 3530 259 3599 legi
277 3546 354 3585 cum.
367 3570 373 3583 .
384 3534 502 3599 apparet
514 3571 520 3583 .
534 3569 540 3583 .
553 3529 608 3585 dici
625 3545 700 3584 non.
716 3525 821 3584 .facta’
841 3529 912 3600 LSp.
934 3560 964 3569 —
983 3530 1131 3595 declinatu]
1149 3531 1258 3602 scripsi,

114 3614 280 3672 declinatum
297 3614 389 3668 libri.
408 3631 444 3668 an
462 3615 520 3684 fait
536 3616 609 3683 quod
621 3615 707 3670 simile
719 3618 761 3669 est
773 3614 845 3683 quod
862 3618 1041 3684 propagatum
1052 3614 1078 3669 ei
1090 3614 1162 3669 unde
1174 3613 1258 3669 decli-

113 3705 207 3757 natum
220 3703 262 3755 est
273 3699 315 3754 cet
324 3703 511 3769 propagatum.
530 3698 605 3767 Lego
622 3700 676 3769 legi
694 3715 756 3754 cum
773 3699 938 3754 declinatum
955 3697 1016 3753 estl
1034 3729 1067 3736 -
1086 3701 1129 3754 est
1145 3698 1180 3754 ab
1197 3700 1258 3768 lego

114 3787 169 3841 duo
187 3785 271 3853 vulg.
289 3800 328 3838 ex
344 3784 376 3838 Β.
395 3813 427 3822 -
447 3787 478 3838 13
497 3787 536 3848 ut]
555 3787 585 3838 at
601 3783 736 3839 Mdllcr.
763 3814 797 3822 —
825 3787 856 3837 15
874 3782 969 3846 ecuba]
987 3781 1025 3837 sic
1043 3782 1075 3835 F.
1094 3813 1126 3822 -
1144 3783 1259 3852 assigni-

114 3871 211 3927 licaret
227 3870 314 3937 Vap.
337 3897 370 3907 -
392 3867 452 3936 lego
469 3867 523 3937 legi
541 3868 609 3924 GH.
637 3899 668 3908 -
698 3873 729 3923 16
747 3870 776 3923 et
792 3867 901 3924 Priamo
920 3867 988 3935 GH,
1006 3867 1107 3922 Priami
1125 3867 1258 3924 Laetus.

113 3951 145 4027 ‘f
145 3964 195 4012 ort.
214 3954 244 4007 in
260 3953 321 4022 lego
340 3956 368 4008 et
384 3950 437 4020 legi
456 3950 494 4015 [in
505 3951 630 4008 Priamus
643 3957 672 4008 et
682 3949 812 4017 Priamol‘
826 3951 898 4023 LSp.
910 3951 1015 4021 priamo
1027 3967 1099 4006 corr.
1112 3967 1149 4006 ecc
1161 3952 1259 4021 priami

115 4047 145 4096 at
155 4040 208 4095 vid.
221 4039 244 4092 P
257 4038 374 4103 (droth).
391 4067 426 4076 -
446 4040 474 4090 11
493 4036 662 4106 agnationes]
681 4036 862 4107 cogitationes
877 4036 917 4105 M,
929 4036 1104 4105 cognationes
1120 4036 1258 4094 Laetus.

116 4155 149 4165 -
167 4130 209 4190 ac]
227 4125 288 4194 LSp
307 4120 382 4187 olim,
399 4120 540 4189 Miller,
557 4122 594 4176 ad
610 4121 711 4191 libri,
728 4127 757 4179 et
773 4123 913 4178 Laetus.
943 4115 1021 4191 ‘fort
1040 4122 1076 4178 ad
1093 4122 1259 4192 gentilitates

116 4214 165 4264 act
181 4207 341 4279 agnationes
358 4208 396 4262 ad
412 4203 475 4261 dei?
489 4206 562 4276 LSp.
580 4236 614 4246 -
634 4210 664 4262 18
677 4207 767 4263 amilio
784 4208 808 4262 F
826 4208 909 4262 etsie
926 4205 1034 4277 aitque,
1051 4207 1161 4264 Aimilio
1173 4208 1257 4278 vulg.

116 4310 154 4350 cx
177 4294 209 4348 B.
235 4323 270 4333 -
294 4293 426 4359 homines]
452 4291 562 4347 homine
586 4291 719 4348 Becker
735 4291 847 4361 Antiqu.
865 4291 902 4361 II,
926 4295 950 4362 1,
973 4295 1015 4347 31.
1049 4288 1127 4364 ‘fort
1151 4293 1259 4351 homine
