3038 5048
671 273 709 328 Ile
726 273 782 328 cod.
800 269 830 329 B‘.
1268 289 1329 332 xxv

267 451 297 517 v,
324 451 382 511 182
404 437 481 523 stipo
503 449 539 506 ob
742 446 865 519 sortocee
884 462 988 520 graeco
1009 442 1103 509 corbo.

265 537 306 592 sic
325 533 449 593 leronem
469 534 567 591 laetus
581 547 662 607 quam
675 540 778 590 veteres
793 546 930 598 sroene
948 535 1016 592 iuste
1031 536 1154 612 explent,
1176 539 1195 596 i.
1211 555 1236 598 e.
1257 542 1329 614 stips

182 618 218 680 db
236 610 370 698 ατοιβή,
392 625 485 675 nostm
507 608 611 695 στόνε,
632 617 707 692 quod
728 616 792 674 nihil
813 627 863 684 est,
885 619 1004 694 scripsit3
1028 630 1186 698 corruptum
1207 626 1282 699 quod
1301 625 1329 683 in

182 723 232 764 sno
255 704 347 762 codice
367 703 478 768 invenit,
499 701 629 768 reddidit;
652 701 731 759 sicin
746 702 771 759 11
787 711 828 761 est
845 714 972 781 omre,
987 705 1062 779 quod
1084 722 1139 764 non
1161 709 1275 767 multum
1295 710 1329 768 eb

182 793 235 849 isto
258 780 353 850 στόνε
373 787 519 862 discrepat,
540 801 625 862 porro
646 786 804 844 sincerum
825 787 937 846 mutavit
956 802 1060 861 graeco
1081 793 1229 851 vocabolo.

269 873 313 940 Vl,
335 875 353 932 9
375 888 427 929 oer
448 913 455 928 .
478 912 486 929 .
506 871 565 929 niti
586 871 661 944 qood
681 869 763 929 locet
786 873 883 930 dicoot
901 889 960 930 ναν.
1056 880 1059 885 ’

271 957 427 1014 siclaetus
447 954 536 1022 solos,
559 955 621 1013 libri
642 957 738 1013 dicum
759 963 785 1013 et
805 973 871 1024 ocr,
894 957 912 1015 i.
935 975 959 1015 e.
982 949 1022 1039 ἦρ
1044 976 1104 1026 ver,
1128 971 1221 1020 noster
1241 965 1330 1039 pcrti-

186 1042 272 1102 cnlcm
293 1058 348 1099 oon
368 1041 491 1117 agnoscit
511 1056 560 1099 sue
581 1040 741 1099 auctoritate
762 1042 861 1099 dicunt
880 1045 942 1123 βηρ
964 1060 1012 1102 ver
1032 1053 1148 1103 mutans.

269 1127 311 1193 vl,
331 1129 367 1186 to
386 1127 529 1201 potabant
548 1126 624 1183 inter
640 1127 749 1199 prioris
769 1127 873 1183 mensio
893 1131 1062 1188 senescentis
1084 1139 1237 1189 extromum
1257 1134 1331 1192 diem

186 1221 212 1270 ct
232 1227 335 1270 nocant
361 1212 458 1269 locem
479 1227 540 1268 erre
561 1211 649 1277 dicem
682 1225 762 1285 qoem
783 1212 944 1284 diligentior
967 1212 1050 1272 Attici
1070 1232 1256 1276 mcccccoeoo
1277 1237 1331 1294 op·

205 1299 336 1357 eliorum.

184 1315 203 1373 Ρ
268 1383 308 1439 sic
327 1379 404 1447 libri,
425 1379 453 1438 id
474 1387 517 1438 est
537 1376 612 1460 ἔνην
634 1383 689 1443 καὶ
708 1381 803 1461 νέαν,
825 1390 919 1442 noster
940 1400 1038 1443 novum
1060 1396 1212 1446 monstrum
1232 1410 1330 1471 μηνη-

184 1476 278 1531 κοϊαν
299 1466 383 1524 tinxit.

269 1552 311 1617 Vl,
338 1552 372 1611 ll
398 1564 500 1608 aecum
523 1592 530 1606 .
553 1591 560 1607 .
581 1549 648 1607 bino
669 1552 858 1618 aeviternam,
891 1554 966 1626 qood
985 1554 1093 1627 soctom
1114 1564 1155 1614 est
1177 1565 1329 1627 oeternum,

183 1638 215 1696 id
235 1638 278 1695 ait
300 1635 466 1710 Gbrieippot
488 1651 548 1692 ecte
750 1633 792 1693 Ao
814 1653 846 1693 eo
868 1638 987 1695 Plautus
1009 1680 1016 1696 .
1040 1681 1047 1696 .

269 1723 308 1780 sic
335 1720 410 1779 solus
439 1721 536 1778 Laetus
564 1722 641 1778 cuius
666 1720 789 1779 lacunam
817 1730 911 1780 noster
942 1723 1032 1782 addito
1065 1726 1198 1785 vocabulo
1226 1730 1330 1792 eloica

184 1807 287 1883 explet,
316 1815 344 1864 et
362 1803 425 1862 libri
446 1821 540 1863 omnes
560 1806 600 1862 sic
620 1846 628 1863 .
652 1848 659 1864 .
683 1813 828 1864 octonum
855 1809 930 1880 qood
959 1806 1064 1868 Graeci
1090 1811 1209 1892 αἰῶνα,
1236 1815 1268 1873 id
1289 1815 1332 1885 ait

186 1892 358 1966 comem
380 1906 440 1947 esec
461 1904 541 1954 eorl.
563 1887 604 1948 At
627 1931 634 1948 .
657 1932 664 1947 .
687 1907 753 1966 ergo
774 1892 848 1950 boeti
867 1893 984 1952 editione
1005 1912 1071 1953 usos
1092 1905 1145 1964 est,
1178 1899 1230 1957 nisi
1249 1899 1331 1958 buius

186 1980 270 2036 codex
292 1977 370 2035 eiad
391 1991 499 2034 menum
520 1975 618 2033 lueret.

271 2062 314 2127 Vl,
338 2064 376 2120 39
400 2076 490 2135 goare
510 2061 537 2118 ei
559 2061 726 2133 etymologos
746 2062 892 2134 principio
912 2063 1061 2120 cerberum
1077 2068 1202 2138 postulet
1222 2067 1308 2126 mille.

271 2147 328 2204 sine
342 2161 420 2203 cause
435 2154 529 2202 noster
542 2142 743 2223 ἐνυμολογία.
767 2145 865 2203 ibidem
878 2147 941 2204 idco
956 2149 1066 2205 locutos
1088 2150 1270 2226 difficillimos
1291 2161 1332 2212 ert

187 2232 261 2306 qood
281 2246 370 2304 ccqoe
391 2229 436 2286 bie
456 2229 518 2303 tere
538 2230 660 2286 societas
681 2245 745 2285 com
765 2245 871 2301 graeco
893 2231 991 2304 lingon
1003 2248 1100 2307 <neque
1115 2275 1122 2290 .
1138 2275 1146 2291 .
1164 2236 1204 2292 sic
1223 2235 1330 2305 Laetus,

187 2318 205 2374 li
228 2308 411 2391 difficillimos
433 2322 475 2372 eet
494 2307 618 2378 τάτυνα
640 2316 714 2389 qood
734 2330 823 2388 neque
846 2355 877 2372 ..
899 2317 962 2389 qnid
984 2313 1058 2373 boc‘i
1080 2318 1107 2373 in
1130 2318 1150 2375 ll
1172 2325 1212 2375 eet
1228 2335 1333 2399 τγΜΑ,

186 2402 214 2459 b.
236 2419 261 2459 e.
283 2399 399 2481 ἔτυμα,
428 2401 519 2475 itaque
546 2416 655 2475 graecas
681 2399 784 2458 litteras
811 2400 911 2458 invenit
937 2402 965 2457 in
986 2416 1037 2458 suo
1058 2400 1143 2468 libro,
1172 2404 1200 2459 in
1221 2404 1247 2462 11
1268 2422 1333 2464 vero

186 2496 258 2545 extet
278 2493 320 2543 cot
340 2500 448 2550 τγΝΑ,
472 2485 546 2560 quod
567 2486 675 2543 criticus
695 2483 786 2544 eddim
807 2483 921 2544 articulo
943 2486 1047 2544 auxisse
1067 2487 1181 2546 videtur.
1201 2543 1204 2548 .

272 2572 313 2637 Vl,
330 2573 370 2630 84
384 2572 459 2644 qood
477 2585 579 2643 graece
598 2571 673 2643 μαῖα,
696 2571 794 2640 latice,
804 2577 922 2644 gustat.
939 2613 946 2628 .
962 2571 999 2628 ab
1021 2573 1119 2629 eodem
1140 2573 1239 2646 lingon
1259 2577 1335 2649 qood

185 2664 273 2731 poton
291 2657 381 2730 potio,
403 2656 478 2712 uode
495 2655 640 2728 poculum.

270 2742 309 2798 sic
330 2741 435 2805 Lectos,
457 2739 597 2812 ilgeuctc,
619 2739 722 2797 litero
740 2739 840 2805 scrico,
863 2741 935 2798 unde
949 2741 1021 2799 Lecti
1041 2743 1106 2815 gelo
1128 2741 1236 2802 duxisse
1257 2744 1334 2804 ride-

187 2837 241 2891 tur,
265 2832 357 2882 noster
378 2825 400 2883 B
418 2840 520 2898 graece
541 2816 641 2902 γεύω,
661 2831 743 2897 gocto
765 2825 853 2882 latine
876 2866 908 2883 ..
931 2826 968 2883 ab
990 2827 1088 2883 codem
1109 2827 1208 2901 lingua
1229 2823 1334 2910 odem,

185 2912 259 2968 ende
277 2912 366 2984 potio,
387 2910 461 2967 code
482 2911 623 2983 pecodem.

271 2995 314 3061 Vl,
331 2997 371 3055 96
385 2995 536 3069 longiorem
558 2995 649 3052 locum
670 3010 725 3070 quo
739 2994 824 3052 Varro
845 2993 926 3052 letina
947 2995 1028 3053 verbe
1049 3012 1111 3054 cnm
1131 2999 1233 3072 graecis
1255 3015 1334 3057 com·

185 3090 276 3156 perat,
309 3080 532 3156 quemadmodum
554 3089 647 3138 noster
668 3080 726 3136 aliis
747 3079 930 3153 transpositis,
961 3079 1018 3137 eliis
1040 3080 1132 3139 deletis
1153 3083 1332 3158 interpolavit,

184 3168 318 3240 integrum
340 3166 542 3240 descripsimus:
574 3174 605 3221 ut
625 3166 753 3238 occipere
774 3170 913 3231 sternere,
940 3166 1055 3238 lingere,
1076 3165 1161 3238 serre,
1180 3170 1334 3241 procidere

186 3268 298 3315 errore,
332 3265 405 3322 quoe
427 3251 523 3306 omnio
542 3265 649 3322 graeco
669 3255 750 3315 root,
774 3250 841 3306 item
862 3250 898 3306 ob
920 3251 1068 3327 γίγνομαι
1088 3253 1172 3323 gigno
1194 3259 1219 3308 ct
1240 3254 1276 3309 ob
1299 3269 1332 3309 eo

186 3337 260 3408 qood
281 3335 377 3392 dicunt
398 3334 621 3414 στραγγαλὲειν
641 3334 838 3406 etraooolare,
859 3328 1004 3412 θιγάνειν
1027 3337 1161 3409 tinguere,
1179 3343 1334 3410 praeterea

185 3422 381 3498 μαλακίζειν,
404 3421 440 3476 ab
457 3436 489 3476 co
503 3435 556 3477 ooo
571 3426 602 3476 ot
614 3420 810 3492 gargarizare,
831 3420 873 3476 cic
893 3421 1052 3486 molocorc,
1072 3427 1183 3494 potore,
1207 3422 1332 3487 doctore,

186 3504 310 3576 morigere
331 3505 368 3561 ob
390 3500 535 3582 ἀμέλγειν
541 3552 552 3583 ‚
584 3512 615 3560 ot
635 3504 789 3560 modom
811 3520 831 3560 α
851 3506 987 3572 modun,
1021 3507 1101 3561 ocios
1127 3506 1205 3578 origo
1226 3521 1333 3578 gracco

207 3592 220 3651 i
258 3609 303 3663 ος.

187 3588 257 3670 Μ
273 3674 325 3737 Vll,
343 3674 383 3733 52
399 3674 524 3731 latrones
540 3714 547 3730 .
564 3715 571 3730 .
587 3679 614 3729 ct
628 3673 676 3746 qni
690 3673 927 3740 conducebantur,
950 3691 986 3732 co
1007 3675 1080 3732 cotim
1101 3689 1206 3730 mercer
1228 3675 1332 3732 αἰσίαν

183 3774 286 3832 graece
307 3760 420 3816 cerdon.

272 3846 311 3902 sic
337 3846 436 3903 Laetus
462 3852 490 3902 et
517 3845 598 3903 ceteri
630 3860 716 3918 usqne
746 3844 779 3900 cd
810 3842 909 3900 Aldum
941 3844 988 3918 qui
1018 3859 1143 3918 graecum
1171 3843 1332 3903 vocabulum

186 3928 298 4010 κέρδος
319 3931 441 4006 scripsit;
470 3930 521 3986 iam
543 3930 570 3987 in
591 3930 618 3987 11
639 3935 711 3986 extet
729 3941 848 4011 ΚθΡδωρ
865 3926 933 3985 mala
955 3929 1108 3985 coniectura
1130 3927 1246 3995 illatum,
1270 3947 1332 3988 nem

186 4025 290 4075 veteres
308 4015 437 4073 exhibent
451 4027 580 4095 σανρον,
604 4013 760 4071 emendator
781 4021 875 4071 noster
895 4012 914 4068 li
937 4013 1035 4069 omisso
1055 4028 1166 4085 graece,
1189 4016 1263 4090 quod
1283 4031 1333 4073 cur

187 4101 344 4176 negligeret,
377 4099 452 4158 nulle
472 4107 531 4157 erat
552 4115 639 4165 cause,
671 4113 776 4154 merces
798 4098 903 4154 dicitur
924 4089 1046 4177 λάτρον
1068 4105 1095 4156 ct
1116 4091 1244 4180 σάτρον.
1279 4100 1332 4157 boc

187 4185 361 4245 vetustiorem
382 4201 493 4261 quoque
515 4184 648 4250 codicem,
669 4183 697 4239 in
718 4200 774 4258 quo
796 4195 917 4263 σατρον
939 4190 1011 4250 erat,
1032 4190 1065 4241 ut
1084 4183 1113 4242 in
1133 4184 1229 4254 Fila,
1252 4186 1277 4244 ei
1298 4184 1332 4241 ad
