3038 5048
450 335 564 391 LIBER
581 334 748 403 QUINTUS.
786 336 802 404 ἦ
821 339 930 392 83-86.
1224 332 1263 392 35

120 510 171 572 est
191 508 294 573 iaotns
315 505 468 591 primum,
496 512 532 572 ut
553 507 715 574 restitutus
744 527 856 592 saepe,
885 526 956 573 oum
982 505 1091 570 eodem
1118 525 1210 572 saera
1232 509 1264 571 et
1272 515 1402 570 (188661

121 608 171 673 uls
194 611 226 671 et
248 608 293 673 ois
314 608 457 674 Tiberim
486 628 550 674 non
571 607 725 676 mediocri
753 609 814 674 ritu
839 608 927 675 fiant.
971 608 1124 675 Curiones
1145 604 1222 672 dieti
1244 625 1264 670 a

122 709 231 792 ouriis,
261 709 315 791 qui
336 708 414 775 fiunt
442 709 531 776 utin
558 709 609 777 his
630 729 722 778 saera
744 710 872 778 iaoiant.
937 709 1098 775 Flamines
1121 706 1207 790 quod
1227 706 1261 772 in
1284 705 1304 784 5
1326 706 1368 770 84

121 811 215 877 Latio
237 810 341 897 eapite
362 811 470 878 velato
492 817 583 878 erant
604 831 730 897 semper
758 831 797 877 ao
818 817 913 895 eaput
941 811 1077 877 oinotum
1102 802 1264 875 habebant

81 912 183 996 ofilo,
205 912 368 980 Flamines
391 913 477 980 dieti.
520 914 642 980 Horum
664 913 781 997 singuli
806 913 995 994 cognomina
1021 911 1140 979 habent
1160 910 1202 977 ab
1225 929 1263 975 eo

121 1013 182 1082 deo
205 1016 255 1080 oui
278 1033 369 1080 saera
383 1014 512 1100 iaoiunt,
535 1014 594 1081 sed
609 1015 724 1102 partim
746 1021 819 1080 sunt
836 1020 957 1098 aperta,
979 1014 1095 1098 partim
1118 1012 1262 1078 obseura.

119 1117 241 1202 Aperta
260 1121 295 1181 ut
316 1116 486 1200 Martialis,
516 1117 716 1201 Voloanalis;
748 1116 884 1183 obseura
904 1115 1010 1182 Dialis
1039 1122 1072 1182 et
1094 1112 1263 1196 Furinalis,

121 1237 193 1285 oum
220 1218 324 1284 Dialis
352 1218 394 1283 ab
422 1219 499 1284 love
521 1220 576 1304 sit,
605 1219 720 1285 Diovis
751 1218 852 1301 enim,
885 1217 1045 1284 Furinalis
1073 1235 1095 1280 a
1115 1214 1261 1295 Furrina,

121 1319 209 1385 euius
232 1320 328 1385 etiam
355 1320 388 1385 in
416 1320 508 1386 fastis
529 1320 629 1387 feriae
649 1320 816 1387 Furinales
845 1325 925 1386 sunt.
970 1318 1025 1385 Sio
1045 1318 1179 1383 Flamen
1200 1316 1301 1383 Fau·
1313 1328 1403 1382 19811)

69 1429 98 1481 to
118 1419 205 1487 laoer
226 1441 247 1487 a
269 1419 344 1488 divo
365 1426 456 1505 patre
478 1422 621 1488 Falacre.
685 1421 767 1487 Salii
794 1421 835 1486 ab
857 1419 1017 1486 salitando
1047 1418 1133 1501 quod
1155 1418 1260 1484 faeere
1281 1420 1302 1500 §
1324 1420 1365 1484 85

87 1568 94 1585 .
120 1521 153 1586 in
175 1521 312 1590 comitiis
341 1522 374 1587 in
403 1525 501 1590 saeris
524 1523 692 1605 quotannis
720 1529 753 1589 et
773 1523 877 1590 solent
903 1529 935 1588 et
956 1520 1083 1588 debent.
1127 1520 1263 1603 Luperci

121 1624 207 1706 quod
221 1623 448 1709 Lupercalibus
469 1625 503 1690 in
524 1626 679 1711 luperoali
700 1643 793 1691 saera
812 1623 940 1690 faciunt.
984 1625 1112 1690 Fratres
1126 1622 1263 1689 Arvales

120 1724 197 1792 dieti
220 1726 275 1808 qui
296 1746 387 1792 saona
407 1727 537 1811 publiea
555 1727 676 1794 iaciunt
690 1732 860 1813 propterea
879 1732 915 1792 ut
933 1725 1041 1812 fruges
1061 1724 1165 1791 ferant
1185 1743 1265 1790 arva

121 1824 152 1913 [a
174 1828 305 1895 ferendo
328 1834 360 1895 et
381 1828 468 1895 arvis
489 1829 603 1895 fratres
631 1830 759 1896 arvales
781 1825 878 1914 dioti].
922 1833 995 1894 sunt
1018 1826 1072 1912 qui
1096 1848 1117 1893 a
1136 1826 1263 1893 Fratria

69 1936 97 1988 16
120 1928 277 1996 dixerunt.
322 1929 448 1997 Fratria
470 1936 519 1997 est
540 1951 690 2015 graecum
709 1929 901 1996 vocabulum
923 1929 1022 2014 partis
1044 1928 1207 1995 hominum
1228 1933 1264 1993 ut

120 2030 259 2115 Neapoli
274 2030 370 2097 etiam
385 2051 476 2097 nuno.
521 2032 657 2098 Sodales
680 2031 758 2097 Titii
780 2029 857 2097 dieti
879 2079 886 2095 .
911 2078 919 2096 .
942 2080 949 2095 .
973 2050 1052 2113 quas
1073 2032 1107 2098 in
1123 2029 1264 2112 auguriis

120 2132 214 2199 certis
242 2133 414 2198 observare
440 2133 552 2200 solent.
617 2133 759 2200 Fetiales
788 2131 874 2213 quod
901 2131 977 2198 fidei
1004 2132 1153 2217 publioae
1178 2131 1262 2198 inter
1284 2130 1302 2214 ἓ
1326 2132 1366 2196 86

119 2234 255 2320 populos
275 2238 461 2318 praeerant3
482 2253 557 2299 narn
573 2254 631 2320 per
651 2234 710 2300 hos
731 2232 829 2299 fiebat
850 2237 885 2298 ut
906 2233 1023 2299 iustum
1046 2233 1263 2316 oonoiperetur

120 2335 258 2421 bellum,
288 2341 320 2403 et
341 2336 396 2399 ubi
415 2336 565 2419 desitum,
594 2340 629 2401 ut
650 2335 779 2402 foedere
800 2335 880 2401 fides
902 2334 991 2418 paois
1013 2334 1263 2400 constitueretur.

203 2537 227 2591 F
246 2536 318 2593 foll
338 2536 420 2590 certis
439 2537 583 2591 observare
602 2577 608 2589 .
628 2579 634 2590 .
655 2577 661 2590 .
680 2539 839 2591 naseuntur.

206 2725 219 2776 1
238 2720 278 2789 ut]
298 2725 325 2775 et
341 2720 482 2776 Laetus.
501 2752 534 2760 -
561 2737 625 2790 sepe
641 2722 673 2777 F.
692 2752 726 2761 -
753 2726 822 2786 oum]
841 2737 920 2790 quom
938 2720 977 2790 G,
1003 2736 1055 2790 quo
1072 2720 1107 2775 H.
1144 2720 1215 2789 quod
1232 2735 1264 2776 eo

119 2805 204 2875 vulg.
223 2806 252 2884 ia
269 2822 357 2876 morp.
385 2835 418 2845 —
445 2806 549 2874 eadem]
570 2807 682 2877 scripsi,
707 2807 769 2863 ideo
788 2806 876 2861 libri.
902 2835 936 2846 -
963 2807 1039 2862 nula
1057 2809 1085 2861 et
1102 2806 1152 2874 cis]
1172 2805 1265 2874 vulg,

118 2925 161 2979 uis
180 2928 209 2979 et
224 2886 266 2994 g
282 2924 317 2994 F,
334 2923 378 2978 ius
396 2928 424 2979 et
441 2924 480 2979 eis
496 2925 551 2992 Ga,
568 2925 612 2980 ius
624 2930 652 2981 et
663 2926 736 2994 grais
821 2924 929 2980 tiberim
946 2941 1007 2981 oum
1024 2927 1116 2997 spatio
1133 2941 1160 2994 p.
1186 2940 1265 2980 saera

111 3011 153 3074 ¹ab
173 3011 212 3066 eis
230 3008 403 3089 oisvtyberim
420 3010 452 3064 Β.
475 3040 509 3049 -
535 3009 613 3075 fiant]
631 3010 702 3067 fiunt
718 3012 862 3080 Laetus,
880 3027 932 3066 om.
950 3010 989 3064 M.
1007 3041 1041 3050 -
1059 3015 1075 3065 6
1093 3010 1157 3080 quoi
1175 3009 1264 3065 GHa.

118 3125 150 3133 —
163 3097 185 3151 ,8
205 3110 284 3164 quom
303 3094 390 3150 GHa.
409 3123 441 3134 —
459 3094 553 3151 Diovis
572 3095 642 3150 enim
660 3101 710 3150 aut
726 3095 778 3151 del.
795 3095 848 3150 oid.
867 3100 916 3150 aut
932 3094 995 3149 odd.
1013 3095 1126 3166 Iupiter.
1144 3125 1178 3134 -
1196 3093 1264 3148 furi·

118 3180 198 3244 nalis]
216 3179 323 3235 furialis
340 3179 372 3233 F.
400 3178 889 3249 -.furrina]Lsp00lt.v1§1o‚
916 3179 1008 3235 furrina
1025 3180 1147 3246 Aldus,
1174 3177 1265 3232 lurida

110 3264 220 3332 libri,
238 3264 330 3318 lurida
341 3263 364 3317 F
374 3263 463 3331 (Keil),
483 3262 588 3318 furridu
600 3263 623 3317 F
633 3264 749 3331 (droth).
767 3294 801 3302 —
819 3269 834 3320 9
853 3265 921 3321 ferie
938 3266 970 3320 F.
983 3296 1015 3305 -
1034 3264 1165 3320 lurinales
1179 3262 1264 3318 leriae

112 3338 203 3418 vulg.
221 3376 256 3389 -—
275 3354 307 3402 10
325 3349 450 3404 saltando
464 3347 692 3405 GHaLaetus.
710 3380 744 3389 —
764 3354 792 3405 11
805 3349 834 3404 in
846 3350 955 3405 comitio
967 3350 1064 3419 vulg,
1083 3347 1263 3416 06166101)-

117 3433 203 3501 pius.
231 3437 423 3503 expectamus
445 3433 475 3486 in
497 3432 566 3488 loois
590 3434 676 3489 sacris
699 3432 743 3490 ool
763 3433 793 3488 in
811 3435 920 3490 comitio
942 3434 1016 3490 etin
1032 3435 1100 3490 locis
1118 3431 1212 3487 saofis.
1231 3462 1264 3471 -

119 3517 274 3586 quotannis]
293 3512 383 3571 ‘immo
402 3521 535 3586 quotquot
546 3515 638 3573 annis'
651 3518 723 3589 LSp.
741 3548 773 3558 -
795 3522 826 3574 13
845 3519 913 3574 dicti
930 3523 993 3574 sunt
1011 3519 1057 3588 qui
1073 3519 1112 3586 M,
1125 3518 1263 3571 Laetus.

112 3597 197 3671 ffort.
220 3603 293 3670 quod
310 3617 369 3672 pro
392 3602 460 3657 dieti
483 3597 541 3670 qui’
561 3601 632 3672 LSp.
658 3633 692 3642 -
721 3606 753 3658 14
775 3618 793 3657 a
813 3602 924 3659 terendo
944 3646 950 3657 .
971 3645 977 3658 .
997 3602 1072 3669 dicti]
1096 3600 1203 3655 seclusi.
1231 3629 1263 3638 -

121 3691 152 3740 15
165 3702 275 3755 grecum
286 3685 320 3739 F.
338 3716 372 3725 —
389 3685 487 3757 partis]
505 3687 600 3755 vulg,
618 3688 706 3756 patris
723 3687 814 3742 libri.
832 3718 866 3727 —
885 3692 917 3742 16
934 3687 1053 3758 neapoli]
1071 3684 1263 3752 Turnebus,

119 3771 192 3842 apoli
209 3769 306 3835 libri,
325 3769 384 3840 poli
400 3772 432 3825 B.
451 3800 483 3809 —
502 3770 570 3825 dieti
587 3775 666 3840 quas]
685 3771 776 3826 libri.
811 3770 937 3826 lacunam
955 3772 1086 3826 indicavit
1101 3770 1171 3840 LSp,
1195 3768 1264 3824 dieti

120 3855 155 3909 ab
172 3855 241 3910 titiis
259 3855 356 3910 avibus
373 3870 441 3923 quas
459 3853 600 3910 Laetus.
627 3857 702 3926 conf.
721 3856 782 3926 LSp
800 3855 947 3912 Commeat.
966 3873 994 3927 p.
1008 3859 1032 3925 6,
1059 3854 1179 3910 Loeve
1195 3853 1263 3910 Pro-

119 3939 203 3995 dronr.
224 3955 247 3994 o.
265 3939 346 4008 gloss.
365 3956 393 4010 p.
413 3942 472 3993 351.
504 3939 629 3995 launum
647 3941 687 3995 sio
704 3940 835 4012 expleas:
854 3957 877 3995 s.
896 3939 964 3995 Titii
980 3941 1015 3995 ab
1034 3939 1129 3994 avibus
1146 3937 1263 3995 titianti·

119 4023 170 4078 bus
188 4025 270 4093 dioti;
296 4025 425 4079 ostentm
448 4023 541 4080 titiare
564 4023 634 4078 idem
654 4030 738 4096 utque
762 4025 906 4080 fritinnire.
941 4023 1003 4090 (aad.
1022 4025 1096 4080 Suet.
1114 4023 1183 4094 frug.
1203 4028 1262 4080 161.

118 4125 146 4178 p.
165 4113 230 4177 254,
250 4115 262 4164 1
282 4108 388 4164 Reift.
424 4107 536 4165 Anthol.
559 4109 607 4164 lat.
628 4112 691 4178 161,
709 4112 742 4163 31)
759 4108 804 4176 R.)
829 4140 862 4149 —
889 4109 962 4178 quod
984 4109 1014 4162 in
1036 4109 1153 4178 tuguriis
1175 4109 1208 4164 B.
1230 4139 1261 4149 -

121 4197 151 4248 19
169 4193 217 4248 ubi
234 4193 360 4258 desitum]
377 4193 457 4250 scrib.
475 4194 538 4259 oid,
559 4194 625 4248 inde
642 4194 759 4251 desitum
776 4192 873 4263 libri,
896 4189 974 4263 ‘fort
992 4193 1022 4248 id
1039 4194 1063 4247 si
1081 4193 1170 4262 desiit,
1187 4185 1262 4248 tum'

119 4276 192 4348 LSp.
210 4307 244 4316 -
261 4282 301 4343 ut]
319 4281 348 4334 et
364 4282 395 4333 ut
411 4278 550 4334 Laetus.
568 4308 603 4320 -
620 4279 713 4335 federe
730 4278 763 4333 F.

1058 4363 1093 4416 31
