3038 5048
247 298 306 356 118
593 297 706 352 LIBER
723 297 912 352 SEPTIMUS.
949 300 965 364 ξ
984 301 1008 352 8.
1028 302 1052 352 9.

93 468 167 520 (le
178 466 236 519 sp1)
245 467 422 524 ULLABER
440 467 565 522 ARBOR
583 467 760 536 QUIRQUIR
778 468 860 532 EST,
888 469 992 537 QUAM
1014 467 1070 522 ΜΕ
1089 467 1223 524 SENTIO
1240 468 1400 537 DIXISSE,

314 552 498 608 TEMPLUM
516 553 740 621 TESOUMQUE
759 554 876 609 FESTO
895 554 935 608 IN
952 553 1159 610 SINISTRUM.

246 637 421 692 OLLANER
440 638 567 693 ARBOR
584 638 760 707 qulnqunc
778 639 863 705 EST,
890 639 987 707 QUOD
1012 638 1068 692 ME
1087 638 1220 692 SENTIO
1238 638 1399 708 DIXlSSE,

313 722 497 779 TEMPLUM
516 723 739 790 TESOUMQUE
757 723 875 778 FESTO
893 723 1085 779 DEXTRUM.

92 806 234 861 lower-¹)
244 807 361 862 INTER
384 807 436 860 ΕΑ
460 807 698 862 GONREGIONF
723 808 963 863 CONSPICIONE
988 808 1229 863 CORTUMIONE
1253 808 1399 876 UTIQUE
1424 809 1440 857 5

312 892 364 945 EA
381 892 628 948 ERECTISSIME
647 893 758 947 SENSI.

161 981 282 1060 §9111
311 978 372 1045 hoc
402 979 521 1064 templo
551 979 698 1047 faciundo
729 981 858 1046 arbores
888 980 1035 1046 constitui
1065 980 1145 1046 fines
1174 985 1309 1064 apparet
1339 965 1402 1067 [et]

245 1082 330 1147 intra
352 1100 408 1148 eas
429 1081 577 1166 regiones
603 1101 667 1163 qua
689 1081 773 1149 oouli
795 1083 1006 1166 conspiciant,
1034 1081 1069 1148 id
1100 1090 1148 1149 cst
1177 1088 1339 1168 tueamur,
1375 1105 1397 1150 a

245 1202 308 1266 quo
331 1183 501 1269 Templum
529 1181 665 1267 dictum,
699 1189 732 1251 et
761 1184 984 1268 contemplare
1013 1190 1049 1249 ut
1077 1183 1164 1270 apud
1194 1184 1332 1251 Ennium
1362 1186 1397 1252 in

244 1285 375 1351 Medea:
1422 1303 1453 1354 10

246 1387 490 1474 Contempla
512 1394 549 1454 et
580 1388 770 1473 templum
793 1387 954 1454 Cereris
982 1385 1031 1452 ad
1057 1389 1215 1454 laevam
1243 1389 1395 1474 aspice.

247 1488 435 1574 contempla
457 1496 488 1558 et
511 1490 694 1574 conspicare
716 1487 799 1555 idem
825 1509 896 1556 esse
925 1495 1059 1574 apparet
1090 1487 1143 1577 [et]
1171 1490 1245 1556 ideo
1276 1490 1395 1576 dicere,

94 1608 321 1662 recusandum
343 1583 557 1678 contemplum
583 1592 676 1676 facit,
710 1610 862 1674 augurem
885 1591 1108 1678 conspicioue,
1145 1612 1208 1675 qua
1229 1594 1396 1660 oculorum

247 1701 450 1779 conspectum
482 1695 579 1761 finiat.
625 1694 718 1774 Quod
749 1715 821 1761 cum
855 1693 963 1760 dieunt
992 1694 1236 1779 Conspicionem
1270 1694 1396 1762 addunt

334 1905 346 1954 1
366 1901 480 1965 ullaber]
500 1901 556 1955 ulla
573 1905 648 1956 veter
666 1899 830 1969 Scaliger.
855 1931 888 1938 —
915 1899 997 1954 arbos
1015 1916 1086 1953 corr.
1106 1917 1144 1955 eo:
1161 1902 1243 1955 arbor
1260 1901 1293 1967 F,
1312 1901 1396 1958 arbos

247 1985 308 2054 Vp.
335 2016 362 2024 -
395 1985 510 2040 sentiam
528 1986 560 2039 G.
580 2017 613 2025 —
632 1990 647 2039 2
666 1990 832 2054 tescumque]
856 1989 959 2040 tectum
982 2002 1061 2054 quem
1078 1985 1260 2056 F'prGa,
1287 1989 1396 2040 rectum

247 2086 327 2139 quem
344 2071 382 2137 M,
401 2075 557 2139 tectumque
573 2071 629 2125 vul
635 2088 660 2140 g.
674 2088 711 2126 ecc
719 2072 752 2137 B,
771 2088 842 2126 corr.
861 2070 1048 2124 Turnebus.
1067 2100 1103 2109 -
1119 2070 1199 2135 festo]
1218 2070 1289 2124 ferto
1306 2070 1393 2138 vulg.

247 2171 285 2209 erc
302 2155 334 2223 B,
351 2156 430 2210 finito
447 2156 590 2224 Miller,
614 2161 673 2211 esto
693 2156 882 2211 Turnebus.
900 2187 933 2195 —
951 2155 1057 2209 ullaber
1075 2196 1082 2208 .
1102 2196 1108 2208 .
1128 2156 1268 2209 sinistrum
1286 2171 1337 2207 om.
1357 2155 1394 2209 H.

246 2306 281 2316 -
298 2279 313 2329 3
332 2276 436 2331 ollauer
453 2276 554 2344 FMV,
573 2277 676 2331 ollaber
689 2276 749 2340 Ga,
768 2277 823 2331 olla
839 2279 914 2330 veter
927 2274 1091 2343 Scaliger.
1111 2305 1143 2314 -—
1161 2246 1242 2342 arbo}
1260 2274 1293 2341 F,
1311 2275 1394 2331 arbos

248 2361 344 2417 GMV.
363 2393 396 2400 —
414 2361 538 2431 quirquir
555 2367 597 2416 est
610 2362 739 2431 quicquid
751 2365 792 2415 est
804 2360 843 2428 M,
860 2361 1000 2415 Laetus.
1019 2392 1051 2399 —
1070 2360 1151 2429 qnod]
1165 2377 1245 2428 quam
1256 2360 1395 2416 Miller.

246 2478 280 2486 -
307 2448 444 2517 4teplum
461 2447 493 2500 F.
523 2477 553 2485 ω·
581 2450 748 2516 tescumque]
766 2450 869 2501 tectum
887 2463 966 2514 quem
983 2446 1006 2499 F
1025 2463 1085 2499 cum
1104 2445 1174 2509 alr'r's,
1192 2449 1296 2499 textum
1314 2462 1395 2514 quem

247 2531 281 2598 Η,
300 2549 380 2601 quem
398 2533 431 2599 G,
458 2534 614 2600 tectumque
631 2531 717 2599 vulg.
736 2548 774 2585 ecc
791 2532 823 2598 B,
849 2548 920 2585 corr.
940 2531 1134 2585 Turnebus.
1162 2561 1195 2569 —
1222 2526 1394 2595 fest01'ferto

247 2617 335 2684 vulg.
355 2633 393 2671 cx
409 2619 441 2684 B,
468 2615 545 2670 finito
563 2617 701 2684 Miller,
725 2620 783 2671 esto
803 2616 991 2670 Turnebus.
1019 2647 1050 2654 —
1077 2616 1107 2668 in
1124 2615 1250 2693 dextrum
1267 2616 1394 2672 Laetus

247 2751 308 2789 cum
326 2737 357 2788 B.
379 2767 409 2774 —
430 2740 444 2788 5
463 2735 635 2804 conregione]
656 2735 846 2803 Victorius,
873 2735 1073 2805 Scioppius,
1099 2696 1280 2789 icrelloneF
1302 2735 1394 2803 (Keil),

247 2820 410 2887 conregione
436 2836 508 2874 corr.
535 2837 573 2874 ecc
600 2821 773 2876 concretione
796 2819 819 2872 F
847 2821 963 2888 (droth),
990 2835 1050 2873 cum
1077 2819 1188 2888 regione
1204 2820 1267 2890 Vp,
1293 2837 1394 2876 cume

247 2906 357 2974 regione
376 2906 408 2972 G,
427 2922 489 2959 cum
507 2907 644 2975 cregtione
662 2906 697 2973 H,
721 2905 879 2974 corregione
897 2920 922 2958 a.
950 2935 983 2943 —
1011 2908 1026 2957 6
1045 2904 1219 2970 erectissime]
1238 2906 1271 2972 F,
1295 2907 1393 2962 rectis·

247 2991 314 3044 sime
336 2990 474 3058 GHMb,
501 2991 603 3045 dixisse
628 3007 671 3044 me
698 2990 891 3060 Scioppius.
923 2983 1002 3059 ‘fort
1029 2989 1082 3042 rite
1109 2989 1211 3049 dixisse
1236 2984 1291 3045 me'
1319 2991 1392 3063 LSp.

241 3082 390 3149 praeterea
416 3076 538 3130 conicias
564 3076 606 3131 uti
632 3092 697 3130 uere
724 3091 757 3130 ac
783 3079 858 3130 recte
885 3074 987 3128 dixisse
1009 3089 1053 3126 me
1076 3075 1157 3128 sensi.
1194 3082 1278 3130 torrem
1303 3077 1393 3131 locum

247 3160 357 3230 Bergk
373 3159 472 3215 Philol.
491 3160 564 3227 XIV,
588 3165 637 3214 390
655 3161 695 3215 sic
711 3159 821 3214 scribit:
857 3159 972 3229 Templa
988 3164 1117 3227 tescaque
1134 3175 1195 3213 mea
1212 3160 1292 3215 finita
1310 3165 1392 3218 sunto

246 3246 337 3317 quoad
355 3260 404 3313 ego
423 3249 499 3299 caste
515 3245 610 3313 lingua
626 3261 828 3314 nuncupavere.
846 3244 959 3300 Ullaber
977 3243 1083 3309 arboee,
1102 3244 1226 3313 quirquir
1243 3250 1293 3312 est,
1311 3263 1393 3315 quam

246 3322 395 3387 mecentio
413 3329 555 3397 defixisse,
582 3331 710 3399 templum
736 3334 894 3398 tescumque
919 3329 1031 3394 Mteum)
1059 3328 1199 3396 Ftinitum)
1225 3333 1284 3386 esto
1307 3331 1336 3384 in
1354 3333 1391 3386 si-

246 3417 370 3472 nistrum.
394 3415 512 3470 Ollamer
529 3417 627 3470 arbose
645 3415 767 3484 quirquir
783 3419 826 3469 est
843 3431 924 3483 quam
939 3431 983 3468 me
1001 3415 1088 3469 sentio
1107 3414 1244 3484 defixisse,
1261 3417 1392 3487 templum

246 3507 404 3571 tescumque
421 3502 459 3556 M.
474 3499 506 3552 F.
524 3503 582 3553 esto
600 3501 629 3554 in
647 3501 779 3554 dexmum.
814 3500 890 3555 Inter
908 3517 941 3554 ea
959 3501 1122 3570 conregione
1140 3499 1313 3568 conspicioue
1332 3515 1392 3553 cor-

246 3589 367 3645 tumione
379 3587 472 3656 utique
484 3603 518 3640 ea
529 3586 680 3641 rectissime
693 3586 774 3656 sepsi,
788 3585 858 3639 T.T.
867 3585 898 3653 Q.
908 3584 946 3638 M.
957 3585 1032 3639 F.E.
1050 3616 1084 3625 -
1102 3591 1116 3639 7
1130 3590 1167 3650 et]
1181 3586 1244 3640 olim
1257 3585 1306 3640 dcl.
1320 3585 1391 3655 LSp.

246 3706 278 3715 -
297 3679 311 3729 8
324 3676 454 3729 tueantur
462 3672 495 3726 V.
515 3703 546 3710 -
566 3677 581 3726 9
595 3670 721 3734 Ennium]
740 3671 816 3740 conf.
830 3670 900 3726 Non.
914 3675 972 3737 470,
986 3673 1010 3738 3,
1022 3670 1116 3725 Ribb.
1130 3675 1150 3725 t.
1163 3670 1182 3724 f.
1202 3671 1272 3724 Enn.
1288 3674 1345 3724 243.
1359 3701 1392 3709 -

246 3764 277 3814 11
296 3761 386 3814 leuem
403 3759 434 3812 F.
454 3789 487 3797 -
507 3761 538 3812 12
557 3757 719 3825 contempla]
738 3757 922 3824 contemplare
939 3758 1077 3811 Laetus.
1092 3751 1175 3828 ‘fort
1193 3758 1347 3826 contempla
1365 3760 1393 3810 et

245 3845 316 3898 male
333 3845 448 3916 repetito
465 3835 542 3897 suat’
555 3843 625 3911 LSp.
645 3872 677 3880 -
695 3842 775 3906 idem]
787 3842 969 3910 Bentinus,
986 3843 1015 3896 id
1032 3842 1125 3897 libri.
1144 3872 1177 3879 —
1195 3843 1231 3905 et]
1245 3839 1307 3892 auid.
1320 3840 1391 3910 LSp.

246 3929 488 3999 confip.18,14.
516 3958 550 3967 -
580 3931 610 3981 13
629 3942 690 3980 cum
714 3925 868 3994 conteplum
886 3927 918 3994 F,
946 3931 1018 3993 (cum
1040 3933 1162 3982 ccccmo
1184 3927 1272 3988 vasu)
1296 3930 1321 3974 ct
1338 3927 1394 3977 nisi

246 4012 322 4083 quod
339 4014 468 4084 templum
487 4011 626 4081 GMVp,
654 4027 715 4065 cum
732 4012 861 4079 templum
879 4010 1006 4067 Laetus
1024 4018 1050 4066 et
1065 4012 1135 4083 fort.
1153 4009 1221 4076 Ha,
1248 4011 1305 4061 tum
1329 4024 1391 4062 cum

246 4097 375 4165 templum
394 4098 585 4160 Turnebus,
606 4096 689 4168 prob.
717 4096 855 4164 Miller,
883 4098 999 4152 (iroth.
1031 4091 1112 4166 ‘fort
1139 4108 1221 4161 quom
1246 4089 1389 4160 templum‘

246 4181 317 4251 LSp.
337 4212 369 4220 -
388 4182 473 4237 faciat
489 4182 528 4250 M,
546 4183 692 4249 Laetus,
710 4180 816 4234 faciunt
832 4182 866 4250 B,
884 4181 989 4237 faciant
1005 4181 1092 4246 vulg.
1111 4209 1144 4216 -
1165 4193 1252 4244 augur
1270 4176 1391 4244 Aldus,

246 4281 364 4338 augures
383 4267 468 4337 vulg.
488 4284 526 4322 ecc
542 4268 575 4320 Β.
603 4298 637 4307 -
665 4271 697 4321 14
714 4270 864 4335 conspectu
881 4266 919 4322 M.
947 4297 981 4306 —
1005 4264 1104 4318 finiant
1120 4261 1166 4329 M,
1189 4261 1329 4320 Laetus.
1357 4292 1391 4305 -
