3038 5048
494 274 607 330 LIBER
626 274 802 332 OCTAVUS.
837 276 982 344 §us-28.
1255 275 1315 336 178

260 451 308 512 10.
332 445 425 526 Quod
446 445 577 513 huiusce
597 445 672 512 libri
694 451 742 513 est
764 445 870 513 dicere
899 453 1009 512 contra
1037 465 1092 515 eos
1120 446 1175 530 qni
1203 446 1312 513 simili·
1336 446 1354 530 5
1377 450 1418 512 25

179 547 321 615 tudinem
352 556 538 632 sequuntur,
572 566 655 631 quae
683 554 732 615 est
759 553 794 614 ut
820 547 854 614 iu
880 554 988 616 aetate
1012 568 1092 633 puer
1123 546 1165 613 ad
1197 567 1316 632 senem,

174 645 303 734 [000110]
326 650 369 718 ad
392 670 498 733 anum,
520 650 554 715 iu
574 648 699 733 verbis,
722 655 758 716 ut
779 654 828 716 est
849 649 953 717 scribo
975 649 1129 733 scribam,
1152 645 1245 735 [dico]
1270 649 1315 716 di-

173 770 245 817 cam
267 751 356 837 prius
379 758 489 820 contra
510 750 692 819 nniversam
714 750 913 834 analogiam,
935 750 1010 817 dein
1031 757 1097 818 tum
1119 751 1161 819 de
1182 752 1469 835 singulisouosnu

135 867 150 916 s
171 852 326 937 partibus.
369 855 399 920 A
420 860 534 922 natura
554 852 709 921 sermonis
730 853 889 936 incipiam.

260 960 307 1022 11.
331 954 442 1022 Omnis
471 954 572 1022 oratio
600 975 671 1022 cum
704 954 822 1022 debeat
854 953 950 1037 dirigi
980 952 1023 1021 ad
1055 954 1238 1037 utilitatem,
1271 953 1314 1021 ad
1336 957 1356 1036 5
1379 957 1419 1020 26

171 1076 267 1140 quam
296 1063 363 1124 tum
388 1055 526 1139 denique
548 1057 709 1141 pervenit,
743 1056 771 1122 si
801 1059 850 1123 est
878 1062 990 1140 aperta
1018 1061 1051 1121 et
1078 1056 1199 1140 brevis,
1232 1077 1314 1141 quae

172 1158 330 1244 petimus,
365 1157 450 1242 quod
478 1158 631 1226 obscurus
661 1165 693 1226 et
719 1157 833 1242 longus
862 1163 968 1224 orator
996 1163 1045 1224 est
1067 1158 1158 1242 odio,
1192 1165 1316 1226 etcum

172 1260 291 1327 efficiat
313 1264 434 1344 aperta,
456 1267 492 1326 ut
513 1259 733 1343 intellegatur,
756 1258 878 1340 brevis,
901 1264 936 1324 ut
959 1257 1020 1326 cito
1042 1260 1261 1345 intellegatur,
1284 1267 1316 1327 et

121 1372 150 1424 10
172 1366 317 1446 apertam
340 1360 546 1447 cousuetudo,
569 1363 706 1429 brevem
722 1359 933 1444 temperantia
954 1362 1124 1446 loquentia,
1147 1369 1180 1428 et
1198 1369 1314 1429 utrum·
1324 1372 1464 1428 10411801

171 1484 234 1547 que
255 1463 325 1530 fieri
346 1465 447 1550 possit
469 1465 538 1533 sine
561 1463 719 1546 analogia,
742 1462 822 1527 nihil
844 1481 884 1528 ea
906 1482 986 1547 opus
1006 1470 1063 1530 est.
1097 1483 1200 1546 neque
1223 1465 1316 1550 enim,

170 1570 276 1633 utrum
301 1566 432 1634 Herculi
461 1588 503 1634 an
532 1564 679 1632 Herculis
707 1564 833 1630 clavam
863 1562 926 1630 dici
955 1571 1115 1650 oporteat,
1148 1565 1177 1631 si
1203 1566 1318 1635 doceat

170 1668 336 1751 analogia,
372 1686 444 1733 eum
472 1671 641 1748 utrumque
663 1666 704 1732 sit
725 1666 758 1732 in
781 1665 1027 1751 consuetudine,
1059 1688 1123 1733 non
1148 1668 1316 1753 neglegen-

171 1770 247 1836 dum
269 1766 380 1852 [sunt],
403 1767 489 1849 quod
511 1787 614 1849 aeque
636 1773 708 1834 sunt
730 1774 762 1834 et
784 1768 896 1835 brevia
917 1774 949 1836 et
970 1776 1092 1854 aperta.

120 1882 149 1932 15
243 1875 290 1937 12.
313 1872 483 1936 Praeterea
509 1870 622 1950 quoius
651 1868 796 1935 utilitatis
828 1889 924 1936 eausa
947 1889 1093 1954 quaeque
1121 1891 1172 1939 res
1200 1873 1242 1938 sit
1270 1872 1314 1940 in·
1338 1871 1358 1951 5
1380 1872 1420 1935 27

171 1975 286 2054 venta,
309 1971 337 2038 si
360 1992 400 2039 ex
423 1990 463 2038 ea
485 1971 555 2054 quis
577 1970 611 2036 id
633 1969 674 2036 sit
696 1976 900 2052 consecutus,
928 1974 1065 2058 amplius
1089 1993 1159 2040 eam
1182 1976 1315 2041 serutmi

171 2091 242 2139 oum
264 2072 307 2139 sit
327 2072 458 2138 nimium
480 2072 584 2157 otiosi,
607 2078 640 2137 et
662 2092 733 2138 cum
756 2073 902 2138 utilitatis
925 2093 1022 2140 causa
1036 2075 1136 2142 verba
1156 2075 1230 2144 ideo
1253 2076 1316 2143 sint

170 2172 319 2257 imposita
340 2175 435 2241 rebus
458 2180 493 2240 ut
515 2195 570 2242 eas
593 2172 785 2258 significent,
807 2173 836 2239 si
858 2173 892 2241 id
914 2175 1136 2256 consequimur
1158 2196 1222 2242 una
1242 2197 1315 2244 eon-

170 2275 348 2360 suetudine,
371 2276 450 2342 nihil
470 2276 602 2361 prodest
623 2275 782 2359 analogia

118 2391 148 2442 20
258 2380 306 2444 13.
328 2378 461 2444 Accedit
484 2379 570 2460 quod
593 2396 812 2461 quaecumque
834 2397 909 2444 usus
932 2397 1029 2444 eausa
1056 2377 1221 2446 advitam
1250 2378 1313 2444 siut
1335 2378 1356 2458 5
1377 2379 1419 2442 28

170 2486 348 2564 assumpta,
382 2481 415 2545 in
437 2479 488 2545 his
510 2481 653 2543 convenit
675 2479 846 2546 utilitatem
874 2497 1042 2564 quaerere,
1075 2500 1139 2547 nou
1167 2458 1469 2547 similitu-‘P‘⁴¹²⁸⁹‘¹'

170 2579 296 2664 dinem;
331 2580 440 2663 itaque
468 2581 501 2646 in
534 2582 652 2649 vestitu
685 2601 756 2648 cum
789 2580 1002 2648 dissimillima
1034 2581 1076 2647 sit
1108 2581 1209 2648 virilis
1242 2588 1318 2665 toga

240 2788 252 2837 1
275 2783 375 2847 dicere]
394 2783 496 2838 dicitnr
513 2783 581 2851 GH,
598 2778 676 2853 ‘fort
695 2783 814 2851 dicetur,
840 2784 895 2838 nisi
909 2782 989 2852 infre
1004 2784 1064 2853 fnit
1080 2783 1210 2852 scribam,
1228 2783 1318 2839 (licam

169 2863 257 2937 prius‘
271 2866 387 2936 100-
406 2867 535 2938 3puella]
549 2867 656 2922 addidit
666 2867 785 2937 Aldus,
803 2884 857 2938 qno
874 2867 943 2938 fort.
962 2883 1056 2922 eorere
1071 2883 1226 2939 possumus,
1244 2869 1320 2939 qnod

169 2955 271 3006 veteres
282 2952 368 3005 etiam.
380 2953 450 3008 haec
467 2968 537 3021 puer
548 2951 653 3007 dixisse
664 2958 781 3007 constat.
798 2983 831 2993 -
850 2952 1113 3018 snum1auumHG.
1132 2983 1164 2993 -
1180 2949 1260 3023 ‘fort
1278 2953 1318 3009 sic

168 3034 198 3089 in
215 3037 304 3091 verbis
322 3041 352 3091 ut
369 3032 472 3092 scriho’
491 3037 562 3106 Lsp.
589 3068 624 3076 -
649 3037 720 3102 dieo]
738 3037 899 3093 deiecissem
917 3037 995 3108 usp;
1017 3037 1182 3110 vid.supre.
1202 3036 1318 3094 christ

169 3120 267 3176 Philol.
285 3122 358 3190 XVI,
377 3126 435 3176 452.
453 3153 488 3161 -
507 3127 521 3175 5
540 3138 627 3178 sermo
646 3121 678 3190 F,
697 3137 767 3176 corr.
786 3123 873 3192 vulg.
891 3152 927 3163 -
950 3126 964 3178 8
983 3124 1130 3178 obscurum
1147 3127 1175 3178 et
1191 3122 1267 3192 longi
1283 3122 1317 3190 F,

169 3221 241 3260 corr.
268 3207 385 3261 Aldus.
412 3237 445 3246 —
472 3211 535 3264 est
560 3207 615 3264 cito
643 3207 675 3275 F,
701 3221 772 3260 eorr.
799 3208 919 3262 Aldus.
946 3238 979 3247 -
1008 3213 1039 3263 10
1057 3211 1155 3278 aperta
1181 3207 1220 3276 F,
1246 3223 1317 3263 corr.

169 3290 256 3357 vulg.
280 3285 399 3346 ‘verbnm
416 3291 533 3363 aliquod
549 3291 621 3347 velet
643 3292 743 3347 reddat
765 3292 794 3346 in
816 3292 989 3361 sequentibus
1011 3293 1179 3348 intercidisse
1199 3287 1316 3347 videtnr’

169 3373 240 3442 LSp.
259 3375 379 3429 maxime
391 3375 505 3445 placeat
521 3379 703 3447 temperantis
723 3376 808 3432 locist
832 3377 978 3447 loquentis.
1005 3408 1038 3417 -
1067 3382 1095 3432 11
1114 3377 1200 3433 nichil
1225 3376 1257 3431 F.
1284 3405 1319 3416 -

172 3460 204 3509 12
221 3452 299 3526 ‘fort
319 3453 408 3513 clava
425 3460 496 3530 LSp.
515 3491 549 3500 -
568 3467 599 3516 13
617 3461 820 3531 neglegendum.
857 3461 926 3517 Sunt
943 3463 1016 3532 quod
1033 3463 1066 3530 F,
1085 3466 1148 3522 suut
1166 3477 1217 3515 om.
1229 3459 1316 3530 vulg.

170 3571 204 3581 -
224 3546 256 3596 ll
273 3543 351 3597 hreui
367 3542 400 3597 F.
418 3573 451 3583 —
472 3549 502 3598 15
520 3546 627 3613 quoius]
645 3545 778 3615 Mulier,
790 3545 872 3617 proh.
885 3547 1005 3616 (iroth,
1023 3547 1096 3617 quod
1112 3547 1156 3601 ius
1174 3545 1228 3614 Fa,
1246 3545 1319 3615 qnod

171 3626 215 3680 uis
234 3624 365 3696 GHVp,
390 3629 463 3697 quod
480 3629 523 3683 his
542 3629 613 3698 ΜΒ,
631 3630 769 3685 Laetus.
796 3624 874 3700 ‘fort
893 3647 962 3701 quor
979 3632 1022 3688 nel
1037 3631 1102 3701 quid
1119 3631 1160 3686 sis
1178 3645 1241 3685 eum
1258 3645 1318 3684 eum

170 3711 394 3780 interrogationis
418 3714 498 3783 siano
520 3721 588 3784 post
612 3707 707 3771 otiosi'
733 3715 805 3785 usp.
837 3732 874 3771 en
902 3715 973 3771 nihil
998 3716 1057 3787 fuit
1081 3716 1137 3770 nisi
1159 3712 1258 3785 queml
1285 3743 1319 3754 —

173 3799 204 3850 16
222 3799 290 3858 eam]
309 3796 404 3867 vulg,
421 3813 455 3854 es
472 3798 495 3852 F
512 3798 581 3869 fort.
598 3799 752 3870 ferendum.
777 3831 810 3841 -
839 3806 868 3856 17
888 3817 949 3856 eum
966 3801 1058 3856 abesse
1074 3801 1161 3857 mais's.
1179 3831 1213 3840 -
1231 3801 1319 3862 otiosi

171 3880 194 3933 F
213 3881 247 3947 (h.
266 3898 288 3936 e.
307 3881 364 3937 otio
382 3883 406 3936 si
423 3899 461 3937 ece
478 3882 577 3950 otiosi).
595 3913 629 3924 -
649 3888 679 3939 18
698 3899 732 3940 es
748 3880 786 3955 F,
802 3902 875 3941 eorr.
893 3886 1113 3942 Vertrsnius.
1131 3915 1166 3926 —
1184 3890 1216 3942 19
1233 3886 1319 3942 nichil

171 3966 204 4019 F.
232 3997 265 4006 —
292 3970 324 4020 20
342 3966 444 4023 accidit
459 3967 493 4035 F,
520 3983 593 4024 corr.
620 3969 735 4025 Aldus.
762 3999 795 4009 -
821 3972 903 4040 quod]
930 3974 961 4026 ut
987 3969 1055 4026 GH.
1080 4001 1114 4009 -
1136 3967 1214 4041 ‘fort
1242 3967 1316 4027 suut'

172 4050 242 4121 LSp.
262 4052 331 4105 idem
350 4052 379 4108 G.
392 4052 424 4106 F.
434 4051 478 4106 W.
492 4052 618 4108 Muller
634 4069 660 4123 p.
680 4057 738 4109 872.
756 4084 790 4095 -
808 4059 838 4110 21
859 4054 993 4119 convenit]
1011 4055 1123 4121 eonieei,
1139 4071 1195 4111 non
1212 4057 1245 4125 F,
1261 4073 1318 4114 nou

172 4139 280 4203 oportet
296 4136 356 4207 Vp,
376 4131 437 4207 ‘qni
454 4137 586 4193 dehebant
602 4144 676 4193 certe
692 4154 742 4194 nos
761 4136 880 4208 oportet’
900 4140 970 4210 LSp,
997 4156 1049 4195 orn.
1068 4140 1188 4210 Aldus,
1207 4157 1318 4197 necesse

171 4216 305 4276 Mulier.
334 4218 412 4292 ‘fort
431 4218 559 4279 solemus’
578 4222 649 4293 LSp.
677 4252 711 4263 -
736 4239 850 4292 querere
866 4223 900 4293 F,
918 4222 1073 4293 quaerimus
1089 4225 1317 4295 Augustinus.
