3038 5048
258 307 319 367 aaa
588 305 701 362 amna
717 304 890 362 oremus.
926 306 1070 375 rer-cr.

103 479 375 551 ‹arremrlactum
408 499 479 547 esse
508 478 612 545 Trabs
642 478 727 543 Dux.
772 475 891 544 Contra
923 496 965 544 ex
994 475 1212 560 singularibus
1246 497 1320 544 non
1353 481 1422 545 tam

257 580 403 648 videmus
425 580 693 664 quemadmodum
722 580 809 646 facta
835 580 899 646 sint
920 600 962 646 ex
983 579 1010 644 Β
1033 585 1066 647 et
1086 578 1109 645 S
1132 579 1242 645 Trabs
1267 584 1307 646 ct
1329 600 1371 648 ex
1393 578 1421 646 0

151 689 171 769 ξ
194 691 233 754 58
257 686 291 749 et
313 681 336 747 S
358 685 443 749 Dux.
488 683 523 750 Si
544 680 755 749 multitudinis
777 686 882 748 rectus
904 701 997 748 casus
1021 683 1103 748 forto
1129 677 1236 766 figura
1259 686 1421 768 corrupta

256 785 325 866 erit,
355 783 390 850 id
419 785 504 866 quod
532 783 649 851 accidit
676 803 764 867 raro,
800 783 889 867 prius
916 782 951 848 id
980 783 1173 867 corrigemus
1203 800 1311 865 quam
1340 783 1419 851 inda

256 885 432 972 ordiemur,
465 886 606 970 obliquis
638 885 805 952 adsumere
838 888 963 970 oportet
995 882 1113 967 figuras
1142 903 1199 952 eas
1230 903 1323 966 quae
1353 897 1450 953 nous

257 993 348 1054 erunt
370 989 557 1072 ambiguae,
580 989 650 1055 sivo
672 987 850 1070 singulares
873 987 941 1053 sive
964 984 1191 1068 multitudinis,
1224 1006 1268 1053 cx
1293 988 1417 1070 quibus

152 1097 234 1176 §59
256 1087 306 1171 id,
341 1089 518 1158 cuiusmodi
546 1088 666 1156 debent
695 1108 781 1163 esse.
813 1089 952 1174 perspici
979 1090 1088 1173 possit
1147 1089 1233 1154 Nam
1263 1109 1416 1156 nonnun-

258 1209 354 1273 quam
376 1192 512 1259 alterum
535 1211 577 1258 ex
598 1192 699 1257 altero
722 1191 858 1275 ridetur,
880 1197 915 1257 ut
930 1190 1129 1277 Chrysippus
1151 1190 1274 1272 scribit,
1301 1210 1415 1274 qucm-

257 1292 432 1359 admodum
458 1301 551 1379 pater
577 1312 618 1359 ox
644 1290 710 1358 filio
739 1299 771 1359 ot
798 1290 882 1358 filius
911 1312 952 1358 ex
980 1299 1086 1377 patre,
1118 1310 1224 1374 neque
1246 1292 1359 1361 minus
1382 1293 1416 1362 in
1481 1311 1484 1317 ⁴

256 1395 430 1462 fornicibus
456 1402 587 1481 propter
615 1394 776 1460 sinistram
804 1394 919 1460 dextra
946 1400 1011 1462 stat
1039 1414 1136 1478 qnam
1162 1399 1297 1478 propter
1313 1421 1315 1424 ⁴
1333 1394 1414 1461 dex·
1435 1406 1458 1458 lo

257 1504 339 1563 tram
366 1496 504 1563 sinistra.
548 1497 748 1580 Quapropter
771 1500 804 1561 et
825 1516 866 1563 cx
888 1497 984 1563 rectis
1012 1497 1140 1564 casibus
1161 1495 1288 1578 obliqui
1313 1503 1413 1564 etex

257 1599 396 1681 obliquis
424 1600 504 1665 recti
530 1604 562 1665 et
588 1617 629 1663 ex
658 1597 873 1682 singularibus
901 1598 1113 1666 multitudinis
1141 1605 1240 1665 etex
1262 1598 1413 1665 multitu-

150 1710 171 1789 ξ
193 1712 234 1774 60
257 1700 341 1766 dinis
363 1700 541 1782 singulares
563 1720 789 1783 nonnunquam
811 1701 993 1786 recuperari
1015 1706 1156 1786 possunt.
1205 1699 1411 1786 Principium

255 1801 291 1867 id
311 1801 512 1886 potissimum
535 1802 626 1886 sequi
648 1802 818 1886 debemus,
851 1809 886 1869 ut
907 1803 941 1867 in
962 1822 1001 1870 cc
1023 1801 1263 1869 fundamentum
1285 1805 1332 1870 sit
1355 1800 1410 1890 [in]

256 1908 385 1987 natura,
420 1903 507 1985 quod
529 1903 563 1969 in
585 1901 851 1972 declinationibus
872 1905 918 1970 ibi
940 1905 1064 1972 facilior
1085 1903 1176 1972 ratio.
1220 1905 1336 1972 Facile
1362 1912 1457 1974 esta

257 2004 341 2071 onim
362 2005 634 2087 animadvertere,
667 2014 834 2090 peccatum
861 2006 964 2088 magis
993 2006 1108 2074 cadere
1129 2025 1223 2092 posse
1246 2007 1280 2073 in
1304 2007 1412 2093 impo-

103 2128 133 2182 q.
143 2128 182 2172 aa
190 2127 246 2181 aaa
256 2107 388 2174 sitiones
416 2127 472 2174 eas
502 2127 586 2192 quae
613 2107 693 2174 fiunt
721 2108 909 2192 plerumque
934 2109 967 2173 in
996 2109 1091 2176 rectis
1113 2109 1239 2175 casibus
1262 2109 1410 2194 singula·

256 2209 361 2293 ribuS,
392 2209 478 2291 quod
506 2209 651 2276 homines
673 2209 814 2295 imperiti
835 2219 866 2278 et
888 2210 1025 2295 dispersi
1048 2209 1206 2277 vocabula
1227 2209 1326 2276 rebus
1350 2212 1411 2277 im·

256 2317 393 2395 ponunt,
427 2329 625 2394 quocumque
654 2330 710 2378 cos
738 2311 838 2380 libido
870 2312 1035 2397 invitavit;
1072 2319 1187 2377 natura
1219 2310 1411 2398 incorrupta

256 2414 442 2497 plerumque
465 2421 515 2478 ost
535 2417 650 2496 suapte
671 2420 801 2498 sponte,
829 2414 891 2481 nisi
914 2413 969 2496 qui
991 2433 1063 2480 cam
1085 2431 1145 2480 usu
1166 2411 1267 2479 inscio
1289 2412 1411 2499 depra-
1434 2424 1462 2476 to

151 2525 171 2604 g
194 2528 230 2590 61
257 2515 357 2580 rabit.
401 2515 507 2593 Quare
529 2515 557 2580 si
579 2514 650 2598 quis
672 2515 863 2599 principium
885 2515 1056 2600 analogiae
1080 2515 1185 2599 potius
1206 2517 1354 2600 posuerit
1376 2516 1410 2582 in

257 2616 457 2683 naturalibus
480 2617 607 2683 casibus
629 2634 725 2698 quam
747 2617 781 2682 in
802 2615 1015 2701 impositiciis,
1048 2636 1111 2682 non
1140 2616 1242 2684 multa
1268 2617 1302 2682 iu
1333 2638 1410 2685 con-

256 2717 423 2785 suetudine
445 2724 610 2785 occurrent
631 2725 664 2784 et
685 2737 706 2783 a
727 2726 842 2784 natura
856 2717 956 2786 libido
975 2717 1116 2784 humana
1135 2718 1319 2802 corrigetur,
1343 2740 1411 2788 non

256 2840 277 2885 a
309 2819 443 2888 libidine
474 2827 603 2903 natura,
645 2819 729 2903 quod
763 2821 818 2901 qui
851 2819 1087 2904 impositionem
1123 2820 1214 2902 sequi
1247 2820 1409 2915 vqlqerint

342 3074 357 3123 2
375 3070 462 3133 trabs]
480 3070 574 3138 vulg,
592 3071 686 3126 trabes
702 3073 736 3126 F.
756 3101 787 3110 -
806 3075 821 3125 3
841 3071 905 3136 dux]
922 3071 1020 3139 vulg,
1047 3073 1132 3125 ducos
1149 3071 1182 3125 F.
1210 3101 1245 3111 -
1270 3070 1295 3125 si
1312 3073 1408 3127 multi-

255 3153 369 3219 tudinis]
394 3153 578 3208 similitudinis
599 3155 632 3222 F,
659 3171 730 3211 corr.
752 3156 884 3211 Mallsr.
910 3185 944 3196 -
971 3161 985 3209 5
1005 3155 1131 3224 obliquis]
1153 3160 1204 3211 aut
1226 3157 1261 3210 de
1286 3155 1407 3225 obliquis

257 3239 396 3294 lllltller.
415 3234 492 3307 ‘sort
512 3255 546 3293 ex
563 3234 690 3308 obliquis'
708 3241 780 3310 LSp.
799 3271 832 3280 —
850 3242 967 3309 oportet]
984 3238 1057 3308 LSp,
1075 3242 1202 3310 oportere
1212 3240 1247 3309 F,
1266 3241 1408 3308 oportebit

256 3324 392 3379 Mdllcr.
414 3351 449 3362 -
472 3326 488 3376 6
504 3323 692 3379 multitudines
709 3325 742 3394 F,
761 3341 832 3380 corr.
850 3323 936 3394 vulg.
965 3353 997 3363 —-
1024 3330 1039 3378 7
1058 3324 1139 3381 dabat
1156 3341 1229 3382 corr.
1248 3340 1286 3380 erc
1303 3325 1408 3383 dabant

257 3410 291 3478 F,
309 3409 409 3464 debent
426 3408 544 3463 ceteri.
558 3403 637 3480 ‘fort
656 3404 770 3466 debeat'
787 3409 857 3480 LSp.
877 3409 915 3478 cf.
935 3408 965 3463 G.
983 3410 1016 3465 F.
1035 3409 1080 3465 W.
1098 3410 1228 3469 Miller
1244 3425 1273 3478 p.
1292 3413 1351 3464 870.
1372 3441 1408 3450 -

257 3495 354 3565 possit]
372 3492 571 3563 Scioppius,
588 3494 696 3563 possint
712 3495 745 3563 F,
762 3495 933 3566 possnntV¹.
960 3494 1030 3565 fort.
1049 3513 1084 3551 ex
1102 3495 1201 3564 quibus
1220 3494 1406 3564 ii..possint.

258 3609 290 3617 -
308 3582 511 3646 nonnunquam]
529 3594 668 3647 nunquam
685 3578 825 3636 Lautus.
849 3610 883 3618 —
910 3583 925 3634 8
943 3579 1099 3650 chrisippus
1117 3580 1150 3634 F.
1178 3611 1211 3620 —
1239 3585 1271 3634 10
1289 3584 1407 3650 propter

256 3664 368 3718 dextras
385 3661 418 3730 F,
436 3679 506 3718 corr.
526 3663 660 3720 Laetus.
688 3693 722 3702 —
749 3669 778 3718 11
799 3668 967 3735 quapropter
984 3681 1018 3720 ex
1035 3666 1097 3736 Vp,
1123 3668 1291 3735 quapropter
1315 3669 1347 3720 ut
1370 3681 1406 3720 ax

257 3748 396 3804 Laetus.
415 3741 494 3818 ‘fort
513 3752 679 3819 quapropter
695 3749 822 3818 quoniam
839 3742 880 3805 ct‘
898 3750 969 3821 LSp.
997 3782 1031 3791 -
1060 3754 1092 3804 12
1110 3749 1294 3820 singularibus
1311 3748 1407 3804 multi·

257 3833 361 3890 tudinis
379 3833 412 3901 F,
438 3848 511 3888 corr.
529 3833 743 3891 Vortranius.
771 3865 804 3875 —
832 3838 863 3890 13
880 3836 1048 3904 recuperari]
1065 3836 1182 3906 reperiri
1199 3835 1234 3889 H.
1263 3865 1297 3873 -
1325 3839 1358 3889 14
1374 3832 1407 3888 id

259 3936 311 3973 orn.
328 3919 390 3989 Vp.
418 3948 450 3957 —
476 3917 515 3986 in]
542 3919 653 3974 coalescit
679 3920 749 3989 Lsp.
777 3951 810 3959 -
838 3924 870 3974 15
889 3920 961 3974 onim
985 3925 1028 3976 est
1053 3921 1191 3975 Laetus.
1221 3950 1255 3959 -
1284 3923 1315 3974 19
1332 3918 1405 3973 inci·

257 4004 330 4059 tauit
342 4005 375 4059 G.
393 4034 427 4042 —
445 4007 477 4057 20
490 4007 533 4060 est
549 4005 707 4075 plerumque
725 4005 864 4061 Luctus.
883 4035 918 4044 —
938 4005 1100 4075 deprauarit
1110 4010 1141 4059 at
1152 4004 1206 4059 vid.
1220 4021 1292 4060 corr.
1305 4020 1343 4060 ex
1355 4004 1404 4059 ds-

257 4085 388 4151 prauabit
403 4086 436 4154 F,
454 4090 618 4159 deprauauit
629 4091 690 4161 Vp.
709 4121 742 4128 -
760 4095 792 4144 22
804 4089 833 4145 in
850 4090 1032 4160 impositiciis]
1049 4090 1126 4161 LSp,
1143 4088 1307 4158 inpositiciis
1324 4090 1358 4158 F,
1375 4089 1406 4144 in

257 4168 419 4238 impositivis
436 4175 523 4245 vulg.
552 4209 584 4216 -
610 4178 705 4240 multa]
723 4174 819 4243 vulg,
836 4174 938 4230 multae
955 4174 988 4228 F.
1007 4168 1086 4244 ‘fort
1104 4174 1301 4229 substantivum
1320 4175 1405 4228 iater-

258 4252 324 4309 cidit
341 4260 372 4307 ut
389 4255 565 4316 oliensicnes'
584 4260 654 4331 LSp.
673 4261 759 4316 multa
775 4259 940 4315 inconcinna
959 4258 1086 4314 Christ.
1174 4287 1180 4298 ·
