3060 5048
455 297 569 352 LIBER
587 297 764 355 OCTAVUS.
800 299 943 366 §tt-64.
1211 299 1271 358 185

125 467 241 550 quibus
264 468 369 534 adhuc
390 466 475 553 dixi,
502 466 543 535 de
565 469 748 554 compositis
771 470 944 553 separatim
966 468 1080 538 dicam.
1127 471 1208 537 Cum
1230 472 1271 537 ab

124 570 212 636 tibiis
236 574 269 635 et
291 570 434 636 canendo
457 571 621 638 Tibicines
648 571 811 656 dicantur,
844 579 1017 655 quaerunt,
1050 572 1078 638 si
1105 572 1272 656 analogias

124 671 215 754 sequi
248 678 408 756 oporteat,
443 691 499 737 cur
530 692 592 739 non
621 693 643 738 a
671 673 794 739 cithara
822 680 854 738 ct
881 674 1034 758 psalterio
1064 679 1096 741 et
1126 673 1274 758 pandura

125 773 268 840 dicamus
291 772 472 839 Citharicen
493 779 526 838 et
547 774 594 838 sic
615 775 694 858 alia,
729 775 758 840 si
786 775 828 841 ab
857 775 938 841 aede
962 783 993 842 et
1015 773 1133 841 tuendo
1162 771 1426 860 [deducatur-o

86 885 224 939 stamus
251 876 308 946 eft,
343 896 400 938 cor
422 895 483 938 noa
513 875 550 937 ab
579 877 662 938 atrio
685 886 715 939 et
738 873 862 962 tuendo]
890 877 997 961 potius
1024 877 1202 943 Atritumus
1231 877 1273 942 sit

124 997 219 1059 quam
243 976 414 1061 Atriensis;
448 977 477 1044 si
498 977 541 1043 ab
563 977 679 1044 aribus
701 977 867 1063 capiendis
890 979 1017 1063 Auceps
1043 977 1183 1061 dicatur,
1216 977 1270 1045 de-

124 1079 232 1144 buisse
254 1078 343 1144 aiunt
366 1100 386 1144 a
406 1078 549 1162 piscibus
572 1079 737 1164 capiendis
758 1087 793 1146 ut
815 1081 980 1164 Ancupcm
1002 1080 1049 1147 sic
1071 1080 1270 1165 Piscicupem

125 1179 198 1246 dici.
254 1179 308 1246 ubi
331 1180 457 1247 lavetur
483 1199 539 1246 aes
566 1180 735 1266 Aerarias,
767 1202 832 1248 non
861 1182 1073 1249 Aerelavinas
1097 1181 1271 1266 nominari,
1296 1183 1315 1262 ξ
1339 1183 1379 1246 62

125 1289 157 1348 ct
178 1280 234 1347 ubi
256 1281 398 1348 fodiatur
419 1288 585 1363 argentum
607 1282 868 1364 Argentifodinas
891 1283 970 1368 dici,
1004 1303 1109 1367 neque
1131 1279 1203 1369 [ult]
1226 1284 1273 1351 fo·

73 1397 102 1448 to
126 1382 231 1448 diatur
257 1384 375 1449 ferrum
405 1383 638 1467 Ferrifodinas3
672 1386 727 1466 qui
758 1384 885 1470 lapides
918 1385 1056 1451 caedunt
1088 1383 1272 1470 Lapicidas,

124 1487 178 1568 qui
200 1485 288 1568 ligna
309 1485 493 1567 Lignicidas
516 1507 578 1552 non
601 1484 678 1569 dici,
702 1507 807 1571 neque
829 1491 864 1552 ut
889 1486 1061 1553 Aurificem
1083 1488 1129 1553 sic
1150 1487 1272 1571 Argen·

123 1587 256 1670 tilicem;
290 1608 354 1654 non
383 1587 511 1654 doctum
541 1587 604 1654 dici
634 1588 817 1671 Indoctum,
850 1608 914 1655 non
946 1590 1066 1655 salsum
1098 1589 1267 1656 Insulsum.
1281 1601 1429 1655 romscot

124 1689 178 1756 Sic
207 1691 248 1755 ab
278 1689 339 1756 hoc
366 1709 493 1772 quoque
521 1689 609 1756 fonte
631 1709 714 1772 quae
735 1689 910 1776 profluant,
943 1690 1198 1757 animadvertere
1224 1697 1273 1758 est

123 1791 227 1858 facile.

73 1907 101 1958 15
209 1898 260 1959 34.
282 1893 485 1975 Relinquitur
506 1889 547 1957 de
569 1892 711 1975 casibus,
738 1893 772 1959 in
795 1912 858 1975 quo
879 1893 1076 1961 Aristarchei
1099 1913 1174 1961 suos
1197 1914 1270 1960 con·
1294 1895 1314 1973 5
1336 1895 1376 1958 63

124 1994 259 2062 tendunt
280 2013 404 2062 nervos.

210 2100 260 2162 35.
283 2096 422 2164 Primum
455 2095 482 2161 si
514 2095 548 2160 in
579 2095 630 2162 his
665 2103 750 2162 esset
782 2096 947 2180 analogia,
982 2096 1090 2163 dicunt
1123 2096 1273 2164 debuisse

124 2198 227 2265 omnis
258 2200 439 2265 nominatus
473 2203 505 2264 et
537 2197 689 2265 articulos
722 2197 842 2264 habere
874 2196 1008 2264 totidem
1043 2217 1151 2280 casus,
1188 2217 1273 2263 nunc

124 2300 205 2366 alios
228 2299 348 2367 habere
369 2320 467 2366 unum
490 2300 594 2366 solum
616 2306 651 2365 ut
672 2299 795 2366 litteras
811 2298 953 2382 singulas
976 2298 1087 2381 omnis,
1110 2298 1191 2364 alios
1215 2300 1273 2366 tris

73 2418 101 2468 no
123 2408 158 2468 ut
185 2402 356 2468 Praedium
384 2401 513 2468 Praedii
535 2401 690 2486 Praedio,
723 2401 805 2467 alios
833 2405 983 2482 quattuor
1010 2408 1045 2466 ut
1072 2400 1137 2466 Mel
1166 2400 1272 2467 Mollis

124 2503 213 2570 llelli
241 2505 352 2587 Melle,
386 2504 467 2570 alios
495 2504 635 2587 quinque
665 2509 701 2570 ut
729 2503 862 2582 Quintus
894 2501 1002 2580 Quinti
1031 2499 1147 2579 Quinto
1175 2499 1273 2579 Quin·

124 2609 190 2671 tum
213 2606 345 2689 Quinte,
376 2606 457 2672 alios
480 2625 538 2671 sex
561 2613 596 2669 ut
617 2604 706 2672 Unus
735 2604 838 2672 Unius
866 2603 930 2671 Uni
958 2603 1063 2670 Unum
1086 2603 1156 2670 Une
1184 2601 1271 2684 Uno;

124 2728 188 2775 non
209 2727 280 2775 esse
303 2729 379 2792 crgo
401 2707 435 2772 in
457 2705 583 2773 casibus
606 2706 781 2790 analogias.

210 2813 261 2875 36.
295 2810 441 2877 Secundo
479 2809 565 2892 quod
599 2809 726 2892 Crates,
764 2827 819 2874 cur
855 2826 938 2889 quae
975 2805 1116 2890 singulos
1152 2804 1429 2943 ιιιιιιθιιιῖἓᾶιὲρι)

209 3030 242 3086 F.
260 3029 307 3084 fol.
327 3031 386 3084 211)
405 3031 506 3084 salsum

210 3236 361 3302 lquerunt
378 3232 410 3285 F.
429 3263 462 3271 —
480 3235 495 3286 3
515 3234 629 3304 cythara
646 3231 679 3286 F.
704 3262 738 3272 —
764 3230 956 3302 tcytharicen
973 3230 1006 3286 F.
1025 3261 1058 3270 -
1076 3229 1230 3285 aeditumus
1243 3267 1272 3282 ..

126 3317 228 3372 tuendo
248 3334 299 3372 om.
318 3317 349 3371 F.
369 3316 479 3372 edituus
498 3322 541 3373 est
558 3334 608 3373 cur
626 3317 660 3372 ab
679 3316 750 3372 atrio
768 3320 796 3371 et
813 3316 915 3372 tuendo
934 3315 1040 3370 addidit
1051 3315 1200 3381 Laetus,
1218 3327 1274 3366 non

124 3407 189 3472 post
206 3402 309 3456 tuendo
325 3400 431 3456 Aldus
455 3402 584 3468 inseruit,
610 3408 675 3473 post
697 3417 746 3455 cur
769 3401 903 3456 Muller'.
926 3417 984 3472 pro
1009 3399 1046 3454 sit
1067 3398 1159 3453 dubito
1183 3410 1275 3451 aoanc

126 3487 227 3540 rectius
244 3487 349 3542 ambas
367 3486 483 3543 dicatur.
503 3519 535 3527 -
554 3491 569 3540 5
588 3487 749 3542 adrutumus
766 3485 799 3554 F,
817 3502 890 3541 corr.
910 3485 1044 3540 Laetus.
1071 3513 1106 3523 —
1133 3488 1146 3536 l
1166 3497 1184 3537 a
1200 3496 1273 3536 corr.

126 3586 164 3625 ex
182 3586 216 3625 ex
233 3577 265 3624 ut
281 3570 334 3625 oid.
353 3571 377 3625 F
395 3572 513 3640 (Groth),
539 3588 557 3626 a
574 3571 597 3625 F
615 3571 704 3638 (Keil).
728 3601 762 3610 —
786 3569 970 3641 piscipsm-F,
999 3584 1070 3623 corr.
1088 3566 1195 3621 Aldus
1212 3581 1273 3620 cum

125 3655 157 3710 B.
177 3685 211 3696 -
229 3659 244 3710 8
262 3656 367 3711 erarius
378 3656 412 3711 F.
439 3688 472 3697 —
499 3661 514 3710 9
532 3671 620 3725 neque
637 3655 684 3710 nbi
702 3654 824 3711 fodiatur
839 3655 984 3722 Laetus,
1001 3667 1090 3721 neque
1107 3650 1229 3706 fodiatur
1240 3649 1272 3704 F.

123 3769 156 3780 -
178 3747 208 3795 10
227 3741 330 3797 cedunt
347 3741 370 3795 F
387 3741 465 3810 ‘fort
485 3736 612 3796 caedant'
631 3740 703 3810 Lssp.
729 3770 760 3778 -
787 3743 817 3793 13
834 3735 912 3809 ‘fort
930 3729 1084 3808 profluunt’
1103 3735 1177 3805 LSp:
1196 3734 1274 3802 cons.

124 3826 246 3882 Christ
267 3826 365 3882 Philol.
383 3827 457 3895 XVI,
480 3831 538 3881 457.
566 3856 599 3866 —
633 3829 664 3879 15
681 3823 854 3893 relinquitur]
880 3818 956 3894 ‘fort
981 3816 1114 3891 seqnitur’
1139 3819 1213 3888 Lsp.
1240 3847 1275 3858 -

126 3914 156 3963 l'l
175 3916 267 3967 essent
288 3909 321 3964 F,
348 3942 382 3951 -
408 3910 514 3979 dicunt]
537 3909 802 3977 Rholandellus,
829 3909 924 3964 dicant
947 3908 980 3976 F,
1006 3907 1116 3960 discant
1137 3903 1275 3971 Muller,

123 3989 201 4063 ‘fort
220 3990 322 4048 dicam'
342 3995 414 4064 LSp.
441 4025 476 4035 -
502 3995 638 4059 debuisse]
656 3995 691 4050 de
707 3996 778 4051 risse
796 3995 828 4062 F,
851 3994 953 4048 dixisse
970 3991 1003 4059 B,
1030 3991 1175 4057 Laetus,
1202 4003 1273 4043 corr.

123 4079 242 4134 Aldus.
270 4111 303 4119 -
333 4083 364 4135 18
382 4085 439 4135 offis
457 4079 489 4132 F.
516 4111 551 4118 —
576 4073 1084 4149 nominatua1LSp,norninatiuouF.
1107 4103 1140 4112 -
1166 4077 1198 4128 19
1217 4077 1274 4128 offic

125 4162 157 4216 F.
175 4194 207 4203 -
228 4167 260 4217 22
279 4160 360 4220 muno
378 4160 449 4220 ”une
466 4163 489 4218 F
508 4167 588 4230 (corr.
607 4181 661 4219 une
678 4169 751 4233 uno).
771 4195 804 4205 —
823 4167 854 4218 23
871 4159 950 4232 ‘sort
968 4151 1137 4228 analogiam’
1149 4157 1221 4227 usp.
1240 4185 1275 4196 -

125 4251 158 4300 24
174 4253 265 4317 grates
282 4248 316 4318 F,
335 4249 430 4305 Crates
449 4250 559 4304 dicebat
575 4250 713 4305 Laetus.
