<?xml version="1.0" encoding="UTF-8"?>
<!DOCTYPE html PUBLIC "-//W3C//DTD XHTML 1.0 Transitional//EN"
    "http://www.w3.org/TR/xhtml1/DTD/xhtml1-transitional.dtd">
<html xmlns="http://www.w3.org/1999/xhtml" xml:lang="en" lang="en">
 <head>
  <title>
</title>
<meta http-equiv="Content-Type" content="text/html;charset=utf-8" />
  <meta name='ocr-system' content='tesseract 3.04.00' />
  <meta name='ocr-capabilities' content='ocr_page ocr_carea ocr_par ocr_line ocrx_word'/>
</head>
<body>
  <div class='ocr_page' id='page_1' title='image "./mterentivarroni00varrgoog/mterentivarroni00varrgoog_0053.png"; bbox 0 0 3038 5048; ppageno 0'>
   <div class='ocr_carea' id='block_1_1' title="bbox 182 249 824 309">
    <p class='ocr_par' dir='ltr' id='par_1_1' title="bbox 182 249 824 309">
     <span class='ocr_line' id='line_1_1' title="bbox 182 249 824 309; baseline -0.008 0"><span class='ocrx_word' id='word_1_1' title='bbox 182 268 243 309; x_wconf 84' lang='lat' dir='ltr'><strong>xnu</strong></span> <span class='ocrx_word' id='word_1_2' title='bbox 687 249 824 305; x_wconf 73' lang='lat' dir='ltr'><strong>Praetutia.</strong></span> 
     </span>
    </p>
   </div>
   <div class='ocr_carea' id='block_1_2' title="bbox 179 425 1347 1419">
    <p class='ocr_par' dir='ltr' id='par_1_2' title="bbox 179 425 1347 1419">
     <span class='ocr_line' id='line_1_2' title="bbox 184 425 1347 503; baseline 0.002 -16"><span class='ocrx_word' id='word_1_3' title='bbox 184 428 268 487; x_wconf 76' lang='lat' dir='ltr'><strong>Facile</strong></span> <span class='ocrx_word' id='word_1_4' title='bbox 291 429 371 503; x_wconf 79' lang='lat' dir='ltr'><strong>igitur</strong></span> <span class='ocrx_word' id='word_1_5' title='bbox 393 427 508 485; x_wconf 75' lang='lat' dir='ltr'><strong>conicias</strong></span> <span class='ocrx_word' id='word_1_6' title='bbox 530 435 653 485; x_wconf 83' lang='lat' dir='ltr'><strong>nostrum</strong></span> <span class='ocrx_word' id='word_1_7' title='bbox 674 427 765 485; x_wconf 86' lang='lat' dir='ltr'><strong>locum</strong></span> <span class='ocrx_word' id='word_1_8' title='bbox 780 445 811 485; x_wconf 82' lang='lat' dir='ltr'><strong>ex</strong></span> <span class='ocrx_word' id='word_1_9' title='bbox 826 425 896 485; x_wconf 88' lang='lat' dir='ltr'><strong>libro</strong></span> <span class='ocrx_word' id='word_1_10' title='bbox 912 426 956 483; x_wconf 79' lang='lat' dir='ltr'><strong>XX</strong></span> <span class='ocrx_word' id='word_1_11' title='bbox 978 426 1168 502; x_wconf 82' lang='lat' dir='ltr'><strong>antiquitatum</strong></span> <span class='ocrx_word' id='word_1_12' title='bbox 1190 427 1249 485; x_wconf 85' lang='lat' dir='ltr'><strong>hue</strong></span> <span class='ocrx_word' id='word_1_13' title='bbox 1271 430 1347 489; x_wconf 66' lang='lat' dir='ltr'><strong>mue</strong></span> 
     </span>
     <span class='ocr_line' id='line_1_3' title="bbox 182 510 1346 587; baseline -0.002 -15"><span class='ocrx_word' id='word_1_14' title='bbox 182 513 340 572; x_wconf 81' lang='lat' dir='ltr'><strong>translatum</strong></span> <span class='ocrx_word' id='word_1_15' title='bbox 362 529 435 577; x_wconf 81' lang='lat' dir='ltr'><strong>esse,</strong></span> <span class='ocrx_word' id='word_1_16' title='bbox 458 513 507 570; x_wconf 83' lang='lat' dir='ltr'><strong>sed</strong></span> <span class='ocrx_word' id='word_1_17' title='bbox 526 512 584 586; x_wconf 86' lang='lat' dir='ltr'><strong>ipse</strong></span> <span class='ocrx_word' id='word_1_18' title='bbox 605 513 683 570; x_wconf 88' lang='lat' dir='ltr'><strong>Nonii</strong></span> <span class='ocrx_word' id='word_1_19' title='bbox 705 512 783 570; x_wconf 84' lang='lat' dir='ltr'><strong>loeus</strong></span> <span class='ocrx_word' id='word_1_20' title='bbox 803 529 898 587; x_wconf 79' lang='lat' dir='ltr'><strong>parum</strong></span> <span class='ocrx_word' id='word_1_21' title='bbox 920 510 1002 578; x_wconf 65' lang='lat' dir='ltr'><strong>volem</strong></span> <span class='ocrx_word' id='word_1_22' title='bbox 1037 512 1187 569; x_wconf 87' lang='lat' dir='ltr'><strong>nonenim</strong></span> <span class='ocrx_word' id='word_1_23' title='bbox 1210 517 1346 574; x_wconf 84' lang='lat' dir='ltr'><strong>convenit</strong></span> 
     </span>
     <span class='ocr_line' id='line_1_4' title="bbox 182 597 1345 674; baseline 0.002 -18"><span class='ocrx_word' id='word_1_24' title='bbox 182 600 330 674; x_wconf 81' lang='lat' dir='ltr'><strong>praesentio</strong></span> <span class='ocrx_word' id='word_1_25' title='bbox 357 597 508 672; x_wconf 79' lang='lat' dir='ltr'><strong>exemptum</strong></span> <span class='ocrx_word' id='word_1_26' title='bbox 535 599 657 655; x_wconf 86' lang='lat' dir='ltr'><strong>sortiunt</strong></span> <span class='ocrx_word' id='word_1_27' title='bbox 678 598 834 673; x_wconf 78' lang='lat' dir='ltr'><strong>imperfecto</strong></span> <span class='ocrx_word' id='word_1_28' title='bbox 864 597 979 671; x_wconf 75' lang='lat' dir='ltr'>tempori</span> <span class='ocrx_word' id='word_1_29' title='bbox 1006 597 1140 653; x_wconf 83' lang='lat' dir='ltr'><strong>sortirent</strong></span> <span class='ocrx_word' id='word_1_30' title='bbox 1163 614 1221 670; x_wconf 84' lang='lat' dir='ltr'><strong>pro</strong></span> <span class='ocrx_word' id='word_1_31' title='bbox 1251 602 1345 658; x_wconf 82' lang='lat' dir='ltr'><strong>sorti·</strong></span> 
     </span>
     <span class='ocr_line' id='line_1_5' title="bbox 182 681 1343 758; baseline 0.002 -17"><span class='ocrx_word' id='word_1_32' title='bbox 182 692 288 751; x_wconf 84' lang='lat' dir='ltr'><strong>rentur,</strong></span> <span class='ocrx_word' id='word_1_33' title='bbox 311 683 363 741; x_wconf 89' lang='lat' dir='ltr'><strong>hoa</strong></span> <span class='ocrx_word' id='word_1_34' title='bbox 384 684 466 758; x_wconf 77' lang='lat' dir='ltr'><strong>igitur</strong></span> <span class='ocrx_word' id='word_1_35' title='bbox 488 682 636 758; x_wconf 76' lang='lat' dir='ltr'><strong>imperfecti</strong></span> <span class='ocrx_word' id='word_1_36' title='bbox 659 683 809 758; x_wconf 86' lang='lat' dir='ltr'><strong>exemplum</strong></span> <span class='ocrx_word' id='word_1_37' title='bbox 830 681 974 739; x_wconf 69' lang='lat' dir='ltr'><strong>intercidit.</strong></span> <span class='ocrx_word' id='word_1_38' title='bbox 1004 681 1093 756; x_wconf 73' lang='lat' dir='ltr'><strong>pergit</strong></span> <span class='ocrx_word' id='word_1_39' title='bbox 1113 681 1217 739; x_wconf 83' lang='lat' dir='ltr'><strong>Nonius</strong></span> <span class='ocrx_word' id='word_1_40' title='bbox 1232 681 1343 743; x_wconf 72' lang='lat' dir='ltr'><strong>Horte-</strong></span> 
     </span>
     <span class='ocr_line' id='line_1_6' title="bbox 182 763 1342 844; baseline 0.001 -18"><span class='ocrx_word' id='word_1_41' title='bbox 182 776 248 828; x_wconf 85' lang='lat' dir='ltr'><strong>rant</strong></span> <span class='ocrx_word' id='word_1_42' title='bbox 265 786 322 844; x_wconf 90' lang='lat' dir='ltr'><strong>pro</strong></span> <span class='ocrx_word' id='word_1_43' title='bbox 343 770 526 825; x_wconf 79' lang='lat' dir='ltr'><strong>moderantur</strong></span> <span class='ocrx_word' id='word_1_44' title='bbox 548 809 556 824; x_wconf 88' lang='lat'><strong>.</strong></span> <span class='ocrx_word' id='word_1_45' title='bbox 581 808 588 824; x_wconf 92' lang='lat'><strong>.</strong></span> <span class='ocrx_word' id='word_1_46' title='bbox 611 767 753 833; x_wconf 85' lang='lat' dir='ltr'><strong>Sortiunt,</strong></span> <span class='ocrx_word' id='word_1_47' title='bbox 785 766 896 824; x_wconf 79' lang='lat' dir='ltr'><strong>Ennius</strong></span> <span class='ocrx_word' id='word_1_48' title='bbox 922 763 1109 840; x_wconf 81' lang='lat' dir='ltr'><strong>Crespbonte‚</strong></span> <span class='ocrx_word' id='word_1_49' title='bbox 1142 783 1182 823; x_wconf 87' lang='lat' dir='ltr'><strong>an</strong></span> <span class='ocrx_word' id='word_1_50' title='bbox 1207 768 1290 826; x_wconf 85' lang='lat' dir='ltr'><strong>inter</strong></span> <span class='ocrx_word' id='word_1_51' title='bbox 1310 786 1342 827; x_wconf 84' lang='lat' dir='ltr'><strong>se</strong></span> 
     </span>
     <span class='ocr_line' id='line_1_7' title="bbox 181 849 1340 926; baseline 0.001 -14"><span class='ocrx_word' id='word_1_52' title='bbox 181 856 303 912; x_wconf 86' lang='lat' dir='ltr'><strong>sortiunt</strong></span> <span class='ocrx_word' id='word_1_53' title='bbox 324 855 420 912; x_wconf 88' lang='lat' dir='ltr'><strong>arbem</strong></span> <span class='ocrx_word' id='word_1_54' title='bbox 442 860 527 926; x_wconf 83' lang='lat' dir='ltr'><strong>atque</strong></span> <span class='ocrx_word' id='word_1_55' title='bbox 549 868 643 924; x_wconf 77' lang='lat' dir='ltr'><strong>apros.</strong></span> <span class='ocrx_word' id='word_1_56' title='bbox 673 853 735 908; x_wconf 86' lang='lat' dir='ltr'><strong>huie</strong></span> <span class='ocrx_word' id='word_1_57' title='bbox 757 853 863 909; x_wconf 88' lang='lat' dir='ltr'><strong>demum</strong></span> <span class='ocrx_word' id='word_1_58' title='bbox 885 859 978 908; x_wconf 82' lang='lat' dir='ltr'><strong>noster</strong></span> <span class='ocrx_word' id='word_1_59' title='bbox 1006 849 1084 908; x_wconf 80' lang='lat' dir='ltr'><strong>loeus</strong></span> <span class='ocrx_word' id='word_1_60' title='bbox 1105 849 1246 911; x_wconf 79' lang='lat' dir='ltr'><strong>addendus</strong></span> <span class='ocrx_word' id='word_1_61' title='bbox 1270 865 1340 913; x_wconf 83' lang='lat' dir='ltr'><strong>erat.</strong></span> 
     </span>
     <span class='ocr_line' id='line_1_8' title="bbox 183 935 1341 1014; baseline 0 -17"><span class='ocrx_word' id='word_1_62' title='bbox 183 956 271 1014; x_wconf 90' lang='lat' dir='ltr'><strong>neque</strong></span> <span class='ocrx_word' id='word_1_63' title='bbox 292 957 362 1014; x_wconf 84' lang='lat' dir='ltr'><strong>quse</strong></span> <span class='ocrx_word' id='word_1_64' title='bbox 383 946 478 1013; x_wconf 85' lang='lat' dir='ltr'><strong>poster</strong></span> <span class='ocrx_word' id='word_1_65' title='bbox 499 936 592 993; x_wconf 77' lang='lat' dir='ltr'><strong>similia</strong></span> <span class='ocrx_word' id='word_1_66' title='bbox 614 935 634 1014; x_wconf 64' lang='grc' dir='ltr'>ξ</span> <span class='ocrx_word' id='word_1_67' title='bbox 656 940 695 996; x_wconf 86' lang='grc'><strong>94</strong></span> <span class='ocrx_word' id='word_1_68' title='bbox 718 935 795 994; x_wconf 78' lang='lat' dir='ltr'><strong>ebert</strong></span> <span class='ocrx_word' id='word_1_69' title='bbox 815 937 901 1002; x_wconf 78' lang='lat' dir='ltr'><strong>illiti,</strong></span> <span class='ocrx_word' id='word_1_70' title='bbox 931 936 1042 1000; x_wconf 78' lang='lat' dir='ltr'><strong>inticis,</strong></span> <span class='ocrx_word' id='word_1_71' title='bbox 1070 937 1203 1010; x_wconf 84' lang='lat' dir='ltr'><strong>petteait,</strong></span> <span class='ocrx_word' id='word_1_72' title='bbox 1235 939 1341 997; x_wconf 75' lang='lat' dir='ltr'><strong>elieim</strong></span> 
     </span>
     <span class='ocr_line' id='line_1_9' title="bbox 182 1021 1341 1098; baseline 0.001 -17"><span class='ocrx_word' id='word_1_73' title='bbox 182 1025 371 1098; x_wconf 78' lang='lat' dir='ltr'><strong>antiquitatum</strong></span> <span class='ocrx_word' id='word_1_74' title='bbox 398 1022 472 1079; x_wconf 85' lang='lat' dir='ltr'><strong>tibris</strong></span> <span class='ocrx_word' id='word_1_75' title='bbox 500 1030 562 1096; x_wconf 82' lang='lat' dir='ltr'><strong>apto</strong></span> <span class='ocrx_word' id='word_1_76' title='bbox 589 1031 667 1085; x_wconf 87' lang='lat' dir='ltr'><strong>sunt,</strong></span> <span class='ocrx_word' id='word_1_77' title='bbox 702 1031 730 1078; x_wconf 90' lang='lat' dir='ltr'><strong>et</strong></span> <span class='ocrx_word' id='word_1_78' title='bbox 762 1022 817 1095; x_wconf 89' lang='lat' dir='ltr'><strong>ipse</strong></span> <span class='ocrx_word' id='word_1_79' title='bbox 847 1021 998 1095; x_wconf 80' lang='lat' dir='ltr'><strong>longiorem</strong></span> <span class='ocrx_word' id='word_1_80' title='bbox 1025 1021 1096 1079; x_wconf 83' lang='lat' dir='ltr'><strong>hano</strong></span> <span class='ocrx_word' id='word_1_81' title='bbox 1123 1021 1341 1096; x_wconf 83' lang='lat' dir='ltr'><strong>disputationem</strong></span> 
     </span>
     <span class='ocr_line' id='line_1_10' title="bbox 182 1104 1341 1182; baseline 0.003 -18"><span class='ocrx_word' id='word_1_82' title='bbox 182 1110 270 1167; x_wconf 84' lang='lat' dir='ltr'><strong>verbis</strong></span> <span class='ocrx_word' id='word_1_83' title='bbox 292 1116 400 1165; x_wconf 82' lang='lat' dir='ltr'><strong>excusat</strong></span> <span class='ocrx_word' id='word_1_84' title='bbox 420 1104 511 1182; x_wconf 60' lang='lat' dir='ltr'><strong>§iiim</strong></span> <span class='ocrx_word' id='word_1_85' title='bbox 534 1108 583 1163; x_wconf 80' lang='lat' dir='ltr'><strong>red</strong></span> <span class='ocrx_word' id='word_1_86' title='bbox 604 1107 737 1180; x_wconf 82' lang='lat' dir='ltr'><strong>quoniam</strong></span> <span class='ocrx_word' id='word_1_87' title='bbox 757 1108 789 1162; x_wconf 92' lang='lat' dir='ltr'><strong>in</strong></span> <span class='ocrx_word' id='word_1_88' title='bbox 810 1106 863 1163; x_wconf 87' lang='lat' dir='ltr'><strong>boa</strong></span> <span class='ocrx_word' id='word_1_89' title='bbox 885 1109 919 1163; x_wconf 79' lang='lat' dir='ltr'><strong>be</strong></span> <span class='ocrx_word' id='word_1_90' title='bbox 936 1107 1041 1180; x_wconf 80' lang='lat' dir='ltr'><strong>paucis</strong></span> <span class='ocrx_word' id='word_1_91' title='bbox 1062 1106 1146 1163; x_wconf 81' lang='lat' dir='ltr'><strong>rebus</strong></span> <span class='ocrx_word' id='word_1_92' title='bbox 1167 1108 1259 1166; x_wconf 86' lang='lat' dir='ltr'><strong>uerba</strong></span> <span class='ocrx_word' id='word_1_93' title='bbox 1280 1110 1341 1182; x_wconf 77' lang='lat' dir='ltr'><strong>sesi</strong></span> 
     </span>
     <span class='ocr_line' id='line_1_11' title="bbox 179 1190 1341 1268; baseline 0.003 -18"><span class='ocrx_word' id='word_1_94' title='bbox 179 1195 275 1268; x_wconf 88' lang='lat' dir='ltr'><strong>ptura,</strong></span> <span class='ocrx_word' id='word_1_95' title='bbox 299 1194 333 1249; x_wconf 80' lang='lat' dir='ltr'><strong>be</strong></span> <span class='ocrx_word' id='word_1_96' title='bbox 354 1192 483 1265; x_wconf 81' lang='lat' dir='ltr'><strong>pluribus</strong></span> <span class='ocrx_word' id='word_1_97' title='bbox 505 1191 589 1247; x_wconf 85' lang='lat' dir='ltr'><strong>rebus</strong></span> <span class='ocrx_word' id='word_1_98' title='bbox 610 1193 699 1248; x_wconf 88' lang='lat' dir='ltr'><strong>aerbo</strong></span> <span class='ocrx_word' id='word_1_99' title='bbox 720 1191 828 1264; x_wconf 77' lang='lat' dir='ltr'><strong>sariam</strong></span> <span class='ocrx_word' id='word_1_100' title='bbox 847 1208 954 1265; x_wconf 84' lang='lat' dir='ltr'><strong>paura.</strong></span> <span class='ocrx_word' id='word_1_101' title='bbox 984 1201 1016 1249; x_wconf 92' lang='lat' dir='ltr'><strong>nt</strong></span> <span class='ocrx_word' id='word_1_102' title='bbox 1036 1191 1128 1266; x_wconf 88' lang='lat' dir='ltr'><strong>priore</strong></span> <span class='ocrx_word' id='word_1_103' title='bbox 1148 1190 1220 1249; x_wconf 89' lang='lat' dir='ltr'><strong>libro</strong></span> <span class='ocrx_word' id='word_1_104' title='bbox 1243 1194 1341 1268; x_wconf 73' lang='lat' dir='ltr'><strong>Arge·</strong></span> 
     </span>
     <span class='ocr_line' id='line_1_12' title="bbox 182 1275 1340 1352; baseline 0.003 -18"><span class='ocrx_word' id='word_1_105' title='bbox 182 1294 260 1335; x_wconf 89' lang='lat' dir='ltr'><strong>orum</strong></span> <span class='ocrx_word' id='word_1_106' title='bbox 281 1277 395 1333; x_wconf 77' lang='lat' dir='ltr'><strong>sacraria</strong></span> <span class='ocrx_word' id='word_1_107' title='bbox 416 1284 522 1350; x_wconf 82' lang='lat' dir='ltr'><strong>praeter</strong></span> <span class='ocrx_word' id='word_1_108' title='bbox 545 1275 698 1350; x_wconf 79' lang='lat' dir='ltr'><strong>opinionem</strong></span> <span class='ocrx_word' id='word_1_109' title='bbox 720 1276 842 1351; x_wconf 77' lang='lat' dir='ltr'><strong>protulit,</strong></span> <span class='ocrx_word' id='word_1_110' title='bbox 870 1276 910 1333; x_wconf 88' lang='lat' dir='ltr'><strong>sie</strong></span> <span class='ocrx_word' id='word_1_111' title='bbox 930 1276 957 1332; x_wconf 89' lang='lat' dir='ltr'><strong>h.</strong></span> <span class='ocrx_word' id='word_1_112' title='bbox 980 1275 999 1337; x_wconf 87' lang='lat' dir='ltr'><strong>t</strong></span> <span class='ocrx_word' id='word_1_113' title='bbox 1021 1292 1090 1352; x_wconf 86' lang='lat' dir='ltr'><strong>qnae</strong></span> <span class='ocrx_word' id='word_1_114' title='bbox 1117 1276 1150 1333; x_wconf 86' lang='lat' dir='ltr'><strong>de</strong></span> <span class='ocrx_word' id='word_1_115' title='bbox 1177 1275 1264 1336; x_wconf 83' lang='lat' dir='ltr'><strong>verbo</strong></span> <span class='ocrx_word' id='word_1_116' title='bbox 1287 1281 1340 1338; x_wconf 83' lang='lat' dir='ltr'><strong>in·</strong></span> 
     </span>
     <span class='ocr_line' id='line_1_13' title="bbox 182 1359 653 1419; baseline -0.004 -1"><span class='ocrx_word' id='word_1_117' title='bbox 182 1362 277 1418; x_wconf 82' lang='lat' dir='ltr'><strong>tioium</strong></span> <span class='ocrx_word' id='word_1_118' title='bbox 300 1362 428 1419; x_wconf 83' lang='lat' dir='ltr'><strong>dicontur</strong></span> <span class='ocrx_word' id='word_1_119' title='bbox 449 1359 558 1418; x_wconf 81' lang='lat' dir='ltr'><strong>serenda</strong></span> <span class='ocrx_word' id='word_1_120' title='bbox 579 1369 653 1417; x_wconf 87' lang='lat' dir='ltr'><strong>sunt.</strong></span> 
     </span>
    </p>
   </div>
   <div class='ocr_carea' id='block_1_3' title="bbox 581 1528 938 1605">
    <p class='ocr_par' dir='ltr' id='par_1_3' title="bbox 581 1528 938 1605">
     <span class='ocr_line' id='line_1_14' title="bbox 581 1528 938 1605; baseline 0 -19"><span class='ocrx_word' id='word_1_121' title='bbox 581 1531 623 1587; x_wconf 86' lang='lat' dir='ltr'><strong>be</strong></span> <span class='ocrx_word' id='word_1_122' title='bbox 652 1528 745 1587; x_wconf 89' lang='lat' dir='ltr'><strong>libro</strong></span> <span class='ocrx_word' id='word_1_123' title='bbox 775 1531 938 1605; x_wconf 88' lang='lat' dir='ltr'><strong>septimo.</strong></span> 
     </span>
    </p>
   </div>
   <div class='ocr_carea' id='block_1_4' title="bbox 178 1698 1337 4066">
    <p class='ocr_par' dir='ltr' id='par_1_4' title="bbox 178 1698 1337 3539">
     <span class='ocr_line' id='line_1_15' title="bbox 267 1698 1335 1775; baseline 0.004 -18"><span class='ocrx_word' id='word_1_124' title='bbox 267 1700 443 1775; x_wconf 79' lang='lat' dir='ltr'><strong>Septimus</strong></span> <span class='ocrx_word' id='word_1_125' title='bbox 471 1698 564 1756; x_wconf 89' lang='lat' dir='ltr'><strong>liber</strong></span> <span class='ocrx_word' id='word_1_126' title='bbox 594 1698 724 1756; x_wconf 81' lang='lat' dir='ltr'><strong>vocabula</strong></span> <span class='ocrx_word' id='word_1_127' title='bbox 744 1716 760 1756; x_wconf 82' lang='lat' dir='ltr'><strong>a</strong></span> <span class='ocrx_word' id='word_1_128' title='bbox 781 1700 868 1775; x_wconf 87' lang='lat' dir='ltr'><strong>poetis</strong></span> <span class='ocrx_word' id='word_1_129' title='bbox 897 1709 1026 1775; x_wconf 84' lang='lat' dir='ltr'><strong>usurpata</strong></span> <span class='ocrx_word' id='word_1_130' title='bbox 1053 1717 1144 1758; x_wconf 86' lang='lat' dir='ltr'><strong>rerum</strong></span> <span class='ocrx_word' id='word_1_131' title='bbox 1169 1717 1240 1775; x_wconf 80' lang='lat' dir='ltr'><strong>quae</strong></span> <span class='ocrx_word' id='word_1_132' title='bbox 1260 1702 1335 1761; x_wconf 88' lang='lat' dir='ltr'><strong>libro</strong></span> 
     </span>
     <span class='ocr_line' id='line_1_16' title="bbox 182 1783 1337 1862; baseline 0.004 -20"><span class='ocrx_word' id='word_1_133' title='bbox 182 1786 278 1861; x_wconf 89' lang='lat' dir='ltr'><strong>quinto</strong></span> <span class='ocrx_word' id='word_1_134' title='bbox 313 1793 340 1842; x_wconf 86' lang='lat' dir='ltr'><strong>et</strong></span> <span class='ocrx_word' id='word_1_135' title='bbox 367 1793 442 1842; x_wconf 83' lang='lat' dir='ltr'><strong>sesto</strong></span> <span class='ocrx_word' id='word_1_136' title='bbox 473 1792 601 1841; x_wconf 83' lang='lat' dir='ltr'><strong>tractatae</strong></span> <span class='ocrx_word' id='word_1_137' title='bbox 629 1792 694 1841; x_wconf 89' lang='lat' dir='ltr'><strong>sunt</strong></span> <span class='ocrx_word' id='word_1_138' title='bbox 725 1785 853 1843; x_wconf 80' lang='lat' dir='ltr'><strong>eontinet</strong></span> <span class='ocrx_word' id='word_1_139' title='bbox 908 1783 1180 1859; x_wconf 82' lang='lat' dir='ltr'><strong>Quadripartitionem</strong></span> <span class='ocrx_word' id='word_1_140' title='bbox 1208 1788 1337 1862; x_wconf 88' lang='lat' dir='ltr'><strong>sequitur</strong></span> 
     </span>
     <span class='ocr_line' id='line_1_17' title="bbox 181 1870 1336 1945; baseline 0.006 -23"><span class='ocrx_word' id='word_1_141' title='bbox 181 1870 212 1934; x_wconf 87' lang='lat' dir='ltr'><strong>V,</strong></span> <span class='ocrx_word' id='word_1_142' title='bbox 239 1872 275 1929; x_wconf 84' lang='lat'><strong>13</strong></span> <span class='ocrx_word' id='word_1_143' title='bbox 298 1885 386 1943; x_wconf 81' lang='lat' dir='ltr'><strong>quare</strong></span> <span class='ocrx_word' id='word_1_144' title='bbox 408 1870 482 1943; x_wconf 82' lang='lat' dir='ltr'><strong>puori</strong></span> <span class='ocrx_word' id='word_1_145' title='bbox 503 1876 635 1942; x_wconf 80' lang='lat' dir='ltr'><strong>quattuor</strong></span> <span class='ocrx_word' id='word_1_146' title='bbox 655 1885 761 1941; x_wconf 72' lang='lat' dir='ltr'><strong>ponera</strong></span> <span class='ocrx_word' id='word_1_147' title='bbox 779 1871 875 1945; x_wconf 88' lang='lat' dir='ltr'><strong>prima</strong></span> <span class='ocrx_word' id='word_1_148' title='bbox 896 1886 1004 1937; x_wconf 89' lang='lat' dir='ltr'><strong>rerum,</strong></span> <span class='ocrx_word' id='word_1_149' title='bbox 1028 1871 1140 1926; x_wconf 75' lang='lat' dir='ltr'><strong>totidem</strong></span> <span class='ocrx_word' id='word_1_150' title='bbox 1166 1872 1336 1942; x_wconf 77' lang='lat' dir='ltr'><strong>uerborum,-</strong></span> 
     </span>
     <span class='ocr_line' id='line_1_18' title="bbox 182 1954 1337 2028; baseline 0.003 -18"><span class='ocrx_word' id='word_1_151' title='bbox 182 1971 197 2010; x_wconf 90' lang='lat' dir='ltr'><strong>e</strong></span> <span class='ocrx_word' id='word_1_152' title='bbox 219 1955 281 2027; x_wconf 82' lang='lat' dir='ltr'><strong>quis</strong></span> <span class='ocrx_word' id='word_1_153' title='bbox 303 1956 337 2010; x_wconf 81' lang='lat' dir='ltr'><strong>rie</strong></span> <span class='ocrx_word' id='word_1_154' title='bbox 359 1955 430 2010; x_wconf 81' lang='lat' dir='ltr'><strong>iouis</strong></span> <span class='ocrx_word' id='word_1_155' title='bbox 452 1961 478 2010; x_wconf 91' lang='lat' dir='ltr'><strong>et</strong></span> <span class='ocrx_word' id='word_1_156' title='bbox 499 1955 537 2011; x_wconf 81' lang='lat' dir='ltr'><strong>iis</strong></span> <span class='ocrx_word' id='word_1_157' title='bbox 558 1956 641 2011; x_wconf 84' lang='lat' dir='ltr'><strong>rebus</strong></span> <span class='ocrx_word' id='word_1_158' title='bbox 664 1970 736 2028; x_wconf 82' lang='lat' dir='ltr'><strong>puae</strong></span> <span class='ocrx_word' id='word_1_159' title='bbox 757 1956 788 2012; x_wconf 87' lang='lat' dir='ltr'><strong>in</strong></span> <span class='ocrx_word' id='word_1_160' title='bbox 809 1955 854 2012; x_wconf 81' lang='lat' dir='ltr'><strong>bis</strong></span> <span class='ocrx_word' id='word_1_161' title='bbox 875 1954 1007 2012; x_wconf 82' lang='lat' dir='ltr'><strong>vitientur</strong></span> <span class='ocrx_word' id='word_1_162' title='bbox 1027 1957 1059 2012; x_wconf 83' lang='lat' dir='ltr'><strong>in</strong></span> <span class='ocrx_word' id='word_1_163' title='bbox 1082 1955 1135 2011; x_wconf 87' lang='lat' dir='ltr'><strong>boe</strong></span> <span class='ocrx_word' id='word_1_164' title='bbox 1157 1956 1230 2012; x_wconf 89' lang='lat' dir='ltr'><strong>tibro</strong></span> <span class='ocrx_word' id='word_1_165' title='bbox 1252 1973 1337 2014; x_wconf 88' lang='lat' dir='ltr'><strong>sum-</strong></span> 
     </span>
     <span class='ocr_line' id='line_1_19' title="bbox 180 2039 1334 2115; baseline 0.003 -19"><span class='ocrx_word' id='word_1_166' title='bbox 180 2039 277 2096; x_wconf 85' lang='lat' dir='ltr'><strong>matim</strong></span> <span class='ocrx_word' id='word_1_167' title='bbox 295 2055 411 2114; x_wconf 88' lang='lat' dir='ltr'><strong>ponam.</strong></span> <span class='ocrx_word' id='word_1_168' title='bbox 447 2040 498 2096; x_wconf 81' lang='lat' dir='ltr'><strong>sed</strong></span> <span class='ocrx_word' id='word_1_169' title='bbox 519 2054 575 2113; x_wconf 80' lang='lat' dir='ltr'><strong>quo</strong></span> <span class='ocrx_word' id='word_1_170' title='bbox 598 2041 727 2112; x_wconf 72' lang='lat' dir='ltr'><strong>coartatio</strong></span> <span class='ocrx_word' id='word_1_171' title='bbox 751 2041 811 2096; x_wconf 87' lang='lat' dir='ltr'><strong>eius</strong></span> <span class='ocrx_word' id='word_1_172' title='bbox 834 2042 887 2096; x_wconf 87' lang='lat' dir='ltr'><strong>erit</strong></span> <span class='ocrx_word' id='word_1_173' title='bbox 908 2042 988 2097; x_wconf 86' lang='lat' dir='ltr'><strong>uerbi</strong></span> <span class='ocrx_word' id='word_1_174' title='bbox 1010 2055 1083 2114; x_wconf 83' lang='lat' dir='ltr'><strong>quae</strong></span> <span class='ocrx_word' id='word_1_175' title='bbox 1106 2040 1217 2097; x_wconf 79' lang='lat' dir='ltr'><strong>raataes</strong></span> <span class='ocrx_word' id='word_1_176' title='bbox 1241 2044 1334 2115; x_wconf 75' lang='lat' dir='ltr'><strong>eperit</strong></span> 
     </span>
     <span class='ocr_line' id='line_1_20' title="bbox 181 2126 1334 2200; baseline 0 -17"><span class='ocrx_word' id='word_1_177' title='bbox 181 2132 264 2183; x_wconf 78' lang='lat' dir='ltr'><strong>entra</strong></span> <span class='ocrx_word' id='word_1_178' title='bbox 284 2127 354 2200; x_wconf 72' lang='lat' dir='ltr'><strong>fines</strong></span> <span class='ocrx_word' id='word_1_179' title='bbox 379 2141 449 2182; x_wconf 85' lang='lat' dir='ltr'><strong>suas</strong></span> <span class='ocrx_word' id='word_1_180' title='bbox 473 2140 690 2198; x_wconf 81' lang='lat' dir='ltr'><strong>persequemur,·</strong></span> <span class='ocrx_word' id='word_1_181' title='bbox 722 2141 808 2199; x_wconf 80' lang='lat' dir='ltr'><strong>saepe</strong></span> <span class='ocrx_word' id='word_1_182' title='bbox 837 2127 910 2182; x_wconf 87' lang='lat' dir='ltr'><strong>enim</strong></span> <span class='ocrx_word' id='word_1_183' title='bbox 938 2127 976 2181; x_wconf 77' lang='lat' dir='ltr'><strong>ab</strong></span> <span class='ocrx_word' id='word_1_184' title='bbox 1005 2126 1120 2183; x_wconf 84' lang='lat' dir='ltr'><strong>limitem</strong></span> <span class='ocrx_word' id='word_1_185' title='bbox 1145 2127 1259 2182; x_wconf 88' lang='lat' dir='ltr'><strong>arboris</strong></span> <span class='ocrx_word' id='word_1_186' title='bbox 1282 2145 1334 2184; x_wconf 85' lang='lat' dir='ltr'><strong>ra·</strong></span> 
     </span>
     <span class='ocr_line' id='line_1_21' title="bbox 181 2209 1334 2285; baseline 0.002 -18"><span class='ocrx_word' id='word_1_187' title='bbox 181 2211 256 2269; x_wconf 79' lang='lat' dir='ltr'><strong>diaes</strong></span> <span class='ocrx_word' id='word_1_188' title='bbox 278 2212 329 2267; x_wconf 89' lang='lat' dir='ltr'><strong>sub</strong></span> <span class='ocrx_word' id='word_1_189' title='bbox 351 2211 439 2267; x_wconf 86' lang='lat' dir='ltr'><strong>uicini</strong></span> <span class='ocrx_word' id='word_1_190' title='bbox 459 2211 627 2284; x_wconf 78' lang='lat' dir='ltr'><strong>prodierunt</strong></span> <span class='ocrx_word' id='word_1_191' title='bbox 647 2219 773 2282; x_wconf 74' lang='lat' dir='ltr'><strong>sepetem.</strong></span> <span class='ocrx_word' id='word_1_192' title='bbox 814 2209 845 2276; x_wconf 86' lang='lat' dir='ltr'><strong>V,</strong></span> <span class='ocrx_word' id='word_1_193' title='bbox 870 2214 926 2269; x_wconf 80' lang='lat'><strong>57:</strong></span> <span class='ocrx_word' id='word_1_194' title='bbox 953 2209 1035 2279; x_wconf 82' lang='lat' dir='ltr'><strong>Quod</strong></span> <span class='ocrx_word' id='word_1_195' title='bbox 1056 2212 1095 2267; x_wconf 80' lang='lat' dir='ltr'><strong>ab</strong></span> <span class='ocrx_word' id='word_1_196' title='bbox 1116 2211 1180 2285; x_wconf 75' lang='lat' dir='ltr'><strong>toea</strong></span> <span class='ocrx_word' id='word_1_197' title='bbox 1202 2225 1334 2285; x_wconf 80' lang='lat' dir='ltr'><strong>quaeque</strong></span> 
     </span>
     <span class='ocr_line' id='line_1_22' title="bbox 180 2294 1332 2370; baseline 0 -16"><span class='ocrx_word' id='word_1_198' title='bbox 180 2296 225 2354; x_wconf 88' lang='lat' dir='ltr'><strong>bis</strong></span> <span class='ocrx_word' id='word_1_199' title='bbox 246 2297 395 2354; x_wconf 83' lang='lat' dir='ltr'><strong>coniuncta</strong></span> <span class='ocrx_word' id='word_1_200' title='bbox 416 2294 579 2370; x_wconf 74' lang='lat' dir='ltr'><strong>fueruat,*)</strong></span> <span class='ocrx_word' id='word_1_201' title='bbox 601 2297 679 2366; x_wconf 79' lang='lat' dir='ltr'><strong>biai,·</strong></span> <span class='ocrx_word' id='word_1_202' title='bbox 700 2312 776 2352; x_wconf 88' lang='lat' dir='ltr'><strong>nane</strong></span> <span class='ocrx_word' id='word_1_203' title='bbox 797 2297 831 2352; x_wconf 78' lang='lat' dir='ltr'><strong>oie</strong></span> <span class='ocrx_word' id='word_1_204' title='bbox 852 2295 896 2351; x_wconf 87' lang='lat' dir='ltr'><strong>bis</strong></span> <span class='ocrx_word' id='word_1_205' title='bbox 919 2309 991 2368; x_wconf 83' lang='lat' dir='ltr'><strong>quae</strong></span> <span class='ocrx_word' id='word_1_206' title='bbox 1013 2296 1043 2352; x_wconf 90' lang='lat' dir='ltr'><strong>in</strong></span> <span class='ocrx_word' id='word_1_207' title='bbox 1066 2295 1136 2353; x_wconf 84' lang='lat' dir='ltr'><strong>loeis</strong></span> <span class='ocrx_word' id='word_1_208' title='bbox 1158 2311 1217 2351; x_wconf 86' lang='lat' dir='ltr'><strong>esse</strong></span> <span class='ocrx_word' id='word_1_209' title='bbox 1239 2297 1332 2354; x_wconf 84' lang='lat' dir='ltr'><strong>soient</strong></span> 
     </span>
     <span class='ocr_line' id='line_1_23' title="bbox 182 2379 1332 2457; baseline -0.002 -16"><span class='ocrx_word' id='word_1_210' title='bbox 182 2425 189 2441; x_wconf 90' lang='lat'><strong>.</strong></span> <span class='ocrx_word' id='word_1_211' title='bbox 213 2423 221 2440; x_wconf 90' lang='lat'><strong>.</strong></span> <span class='ocrx_word' id='word_1_212' title='bbox 246 2424 253 2440; x_wconf 93' lang='lat'><strong><em>.</em></strong></span> <span class='ocrx_word' id='word_1_213' title='bbox 276 2399 345 2457; x_wconf 85' lang='lat' dir='ltr'><strong>quae</strong></span> <span class='ocrx_word' id='word_1_214' title='bbox 365 2383 397 2439; x_wconf 82' lang='lat' dir='ltr'><strong>sd</strong></span> <span class='ocrx_word' id='word_1_215' title='bbox 420 2381 499 2439; x_wconf 88' lang='lat' dir='ltr'><strong>finem</strong></span> <span class='ocrx_word' id='word_1_216' title='bbox 522 2397 609 2455; x_wconf 89' lang='lat' dir='ltr'><strong>nsque</strong></span> <span class='ocrx_word' id='word_1_217' title='bbox 630 2380 691 2437; x_wconf 88' lang='lat' dir='ltr'><strong>libri</strong></span> <span class='ocrx_word' id='word_1_218' title='bbox 714 2388 895 2455; x_wconf 83' lang='lat' dir='ltr'><strong>exponuntur,</strong></span> <span class='ocrx_word' id='word_1_219' title='bbox 918 2379 964 2436; x_wconf 91' lang='lat' dir='ltr'><strong>ubi</strong></span> <span class='ocrx_word' id='word_1_220' title='bbox 986 2380 1005 2455; x_wconf 63' lang='grc' dir='ltr'><strong>ς</strong></span> <span class='ocrx_word' id='word_1_221' title='bbox 1031 2381 1104 2438; x_wconf 84' lang='lat'>184:</span> <span class='ocrx_word' id='word_1_222' title='bbox 1130 2381 1169 2436; x_wconf 83' lang='lat' dir='ltr'><strong>od</strong></span> <span class='ocrx_word' id='word_1_223' title='bbox 1189 2381 1332 2439; x_wconf 84' lang='lat' dir='ltr'><strong>voeabula</strong></span> 
     </span>
     <span class='ocr_line' id='line_1_24' title="bbox 181 2465 1331 2539; baseline -0.001 -14"><span class='ocrx_word' id='word_1_224' title='bbox 181 2507 212 2526; x_wconf 88' lang='lat'><strong>..</strong></span> <span class='ocrx_word' id='word_1_225' title='bbox 241 2484 275 2523; x_wconf 92' lang='lat' dir='ltr'><strong>ea</strong></span> <span class='ocrx_word' id='word_1_226' title='bbox 298 2483 370 2539; x_wconf 81' lang='lat' dir='ltr'><strong>quae</strong></span> <span class='ocrx_word' id='word_1_227' title='bbox 392 2468 456 2524; x_wconf 85' lang='lat' dir='ltr'><strong>toea</strong></span> <span class='ocrx_word' id='word_1_228' title='bbox 479 2474 505 2522; x_wconf 86' lang='lat' dir='ltr'><strong>et</strong></span> <span class='ocrx_word' id='word_1_229' title='bbox 526 2483 562 2522; x_wconf 91' lang='lat' dir='ltr'><strong>ea</strong></span> <span class='ocrx_word' id='word_1_230' title='bbox 584 2480 657 2538; x_wconf 81' lang='lat' dir='ltr'><strong>puae</strong></span> <span class='ocrx_word' id='word_1_231' title='bbox 678 2467 709 2522; x_wconf 87' lang='lat' dir='ltr'><strong>in</strong></span> <span class='ocrx_word' id='word_1_232' title='bbox 731 2467 801 2522; x_wconf 81' lang='lat' dir='ltr'><strong>toris</strong></span> <span class='ocrx_word' id='word_1_233' title='bbox 822 2473 887 2522; x_wconf 85' lang='lat' dir='ltr'><strong>sunt</strong></span> <span class='ocrx_word' id='word_1_234' title='bbox 907 2467 979 2522; x_wconf 84' lang='lat' dir='ltr'><strong>satis</strong></span> <span class='ocrx_word' id='word_1_235' title='bbox 1000 2472 1031 2520; x_wconf 88' lang='lat' dir='ltr'><strong>ut</strong></span> <span class='ocrx_word' id='word_1_236' title='bbox 1052 2465 1178 2521; x_wconf 75' lang='lat' dir='ltr'><strong>arbitror</strong></span> <span class='ocrx_word' id='word_1_237' title='bbox 1198 2466 1275 2522; x_wconf 80' lang='lat' dir='ltr'><strong>diota</strong></span> <span class='ocrx_word' id='word_1_238' title='bbox 1298 2507 1331 2524; x_wconf 86' lang='lat'><strong>..</strong></span> 
     </span>
     <span class='ocr_line' id='line_1_25' title="bbox 180 2547 1332 2626; baseline -0.001 -18"><span class='ocrx_word' id='word_1_239' title='bbox 180 2568 268 2626; x_wconf 81' lang='lat' dir='ltr'><strong>quare</strong></span> <span class='ocrx_word' id='word_1_240' title='bbox 289 2553 321 2606; x_wconf 89' lang='lat' dir='ltr'><strong>in</strong></span> <span class='ocrx_word' id='word_1_241' title='bbox 341 2552 471 2624; x_wconf 73' lang='lat' dir='ltr'><strong>proximo</strong></span> <span class='ocrx_word' id='word_1_242' title='bbox 486 2589 495 2606; x_wconf 85' lang='lat'><strong>.</strong></span> <span class='ocrx_word' id='word_1_243' title='bbox 512 2593 518 2606; x_wconf 93' lang='lat'><strong><em>.</em></strong></span> <span class='ocrx_word' id='word_1_244' title='bbox 534 2551 568 2606; x_wconf 82' lang='lat' dir='ltr'><strong>ae</strong></span> <span class='ocrx_word' id='word_1_245' title='bbox 590 2550 759 2623; x_wconf 72' lang='lat' dir='ltr'><strong>temporibus</strong></span> <span class='ocrx_word' id='word_1_246' title='bbox 781 2551 882 2607; x_wconf 78' lang='lat' dir='ltr'><strong>aiaom.</strong></span> <span class='ocrx_word' id='word_1_247' title='bbox 913 2549 954 2615; x_wconf 87' lang='lat' dir='ltr'><strong>Vl,</strong></span> <span class='ocrx_word' id='word_1_248' title='bbox 975 2554 1005 2609; x_wconf 86' lang='lat' dir='ltr'><strong>t:</strong></span> <span class='ocrx_word' id='word_1_249' title='bbox 1031 2547 1161 2620; x_wconf 76' lang='lat' dir='ltr'><strong>Oripines</strong></span> <span class='ocrx_word' id='word_1_250' title='bbox 1181 2552 1332 2607; x_wconf 85' lang='lat' dir='ltr'><strong>uerborum</strong></span> 
     </span>
     <span class='ocr_line' id='line_1_26' title="bbox 181 2635 1332 2709; baseline 0.003 -19"><span class='ocrx_word' id='word_1_251' title='bbox 181 2651 254 2708; x_wconf 80' lang='lat' dir='ltr'><strong>puae</strong></span> <span class='ocrx_word' id='word_1_252' title='bbox 281 2642 346 2690; x_wconf 87' lang='lat' dir='ltr'><strong>sunt</strong></span> <span class='ocrx_word' id='word_1_253' title='bbox 374 2636 499 2691; x_wconf 84' lang='lat' dir='ltr'><strong>tororum</strong></span> <span class='ocrx_word' id='word_1_254' title='bbox 528 2642 554 2690; x_wconf 90' lang='lat' dir='ltr'><strong>et</strong></span> <span class='ocrx_word' id='word_1_255' title='bbox 582 2650 712 2708; x_wconf 82' lang='lat' dir='ltr'><strong>eaquae</strong></span> <span class='ocrx_word' id='word_1_256' title='bbox 735 2635 830 2692; x_wconf 82' lang='lat' dir='ltr'><strong>initis</strong></span> <span class='ocrx_word' id='word_1_257' title='bbox 862 2637 893 2692; x_wconf 85' lang='lat' dir='ltr'><strong>in</strong></span> <span class='ocrx_word' id='word_1_258' title='bbox 916 2637 1014 2709; x_wconf 84' lang='lat' dir='ltr'><strong>priore</strong></span> <span class='ocrx_word' id='word_1_259' title='bbox 1042 2635 1115 2692; x_wconf 81' lang='lat' dir='ltr'><strong>libro</strong></span> <span class='ocrx_word' id='word_1_260' title='bbox 1147 2637 1266 2708; x_wconf 57' lang='lat' dir='ltr'><strong>scripsi·</strong></span> <span class='ocrx_word' id='word_1_261' title='bbox 1298 2636 1332 2693; x_wconf 85' lang='lat' dir='ltr'><strong>in</strong></span> 
     </span>
     <span class='ocr_line' id='line_1_27' title="bbox 179 2718 1329 2793; baseline 0.003 -18"><span class='ocrx_word' id='word_1_262' title='bbox 179 2718 233 2775; x_wconf 82' lang='lat' dir='ltr'><strong>boe</strong></span> <span class='ocrx_word' id='word_1_263' title='bbox 255 2718 347 2773; x_wconf 62' lang='lat' dir='ltr'><strong>Meam</strong></span> <span class='ocrx_word' id='word_1_264' title='bbox 369 2720 403 2775; x_wconf 81' lang='lat' dir='ltr'><strong>rie</strong></span> <span class='ocrx_word' id='word_1_265' title='bbox 424 2720 571 2777; x_wconf 82' lang='lat' dir='ltr'><strong>vocubulis</strong></span> <span class='ocrx_word' id='word_1_266' title='bbox 594 2726 747 2792; x_wconf 89' lang='lat' dir='ltr'><strong>temporum</strong></span> <span class='ocrx_word' id='word_1_267' title='bbox 768 2728 795 2776; x_wconf 93' lang='lat' dir='ltr'><strong>et</strong></span> <span class='ocrx_word' id='word_1_268' title='bbox 817 2737 914 2777; x_wconf 89' lang='lat' dir='ltr'><strong>earum</strong></span> <span class='ocrx_word' id='word_1_269' title='bbox 941 2736 1036 2776; x_wconf 87' lang='lat' dir='ltr'><strong>reram</strong></span> <span class='ocrx_word' id='word_1_270' title='bbox 1063 2734 1136 2793; x_wconf 83' lang='lat' dir='ltr'><strong>quae</strong></span> <span class='ocrx_word' id='word_1_271' title='bbox 1160 2721 1191 2776; x_wconf 87' lang='lat' dir='ltr'><strong>in</strong></span> <span class='ocrx_word' id='word_1_272' title='bbox 1220 2723 1329 2793; x_wconf 72' lang='lat' dir='ltr'><strong>apendo</strong></span> 
     </span>
     <span class='ocr_line' id='line_1_28' title="bbox 179 2803 1330 2877; baseline 0.005 -21"><span class='ocrx_word' id='word_1_273' title='bbox 179 2803 249 2877; x_wconf 74' lang='lat' dir='ltr'><strong>finnt</strong></span> <span class='ocrx_word' id='word_1_274' title='bbox 271 2809 320 2857; x_wconf 90' lang='lat' dir='ltr'><strong>aut</strong></span> <span class='ocrx_word' id='word_1_275' title='bbox 343 2803 474 2859; x_wconf 80' lang='lat' dir='ltr'><strong>dicuntur</strong></span> <span class='ocrx_word' id='word_1_276' title='bbox 496 2819 557 2859; x_wconf 87' lang='lat' dir='ltr'><strong>ram</strong></span> <span class='ocrx_word' id='word_1_277' title='bbox 581 2809 702 2876; x_wconf 89' lang='lat' dir='ltr'><strong>ternpore</strong></span> <span class='ocrx_word' id='word_1_278' title='bbox 725 2806 835 2877; x_wconf 81' lang='lat' dir='ltr'><strong>atiquo,</strong></span> <span class='ocrx_word' id='word_1_279' title='bbox 866 2812 896 2860; x_wconf 92' lang='lat' dir='ltr'><strong>ut</strong></span> <span class='ocrx_word' id='word_1_280' title='bbox 916 2804 1044 2870; x_wconf 77' lang='lat' dir='ltr'><strong>senemr,</strong></span> <span class='ocrx_word' id='word_1_281' title='bbox 1074 2805 1252 2871; x_wconf 84' lang='lat' dir='ltr'><strong>ambulatur,</strong></span> <span class='ocrx_word' id='word_1_282' title='bbox 1283 2806 1330 2863; x_wconf 83' lang='lat' dir='ltr'><strong>io·</strong></span> 
     </span>
     <span class='ocr_line' id='line_1_29' title="bbox 181 2888 1329 2964; baseline 0.006 -24"><span class='ocrx_word' id='word_1_283' title='bbox 181 2892 320 2962; x_wconf 78' lang='lat' dir='ltr'><strong>quantur;</strong></span> <span class='ocrx_word' id='word_1_284' title='bbox 352 2894 435 2959; x_wconf 81' lang='lat' dir='ltr'><strong>atque</strong></span> <span class='ocrx_word' id='word_1_285' title='bbox 462 2888 489 2943; x_wconf 86' lang='lat' dir='ltr'><strong>si</strong></span> <span class='ocrx_word' id='word_1_286' title='bbox 517 2902 573 2959; x_wconf 82' lang='lat' dir='ltr'><strong>qua</strong></span> <span class='ocrx_word' id='word_1_287' title='bbox 603 2895 685 2944; x_wconf 89' lang='lat' dir='ltr'><strong>erant</strong></span> <span class='ocrx_word' id='word_1_288' title='bbox 712 2904 747 2944; x_wconf 83' lang='lat' dir='ltr'><strong>ea</strong></span> <span class='ocrx_word' id='word_1_289' title='bbox 777 2889 888 2944; x_wconf 80' lang='lat' dir='ltr'><strong>diuerso</strong></span> <span class='ocrx_word' id='word_1_290' title='bbox 920 2904 1022 2959; x_wconf 67' lang='lat' dir='ltr'><strong>uenere</strong></span> <span class='ocrx_word' id='word_1_291' title='bbox 1050 2890 1200 2955; x_wconf 82' lang='lat' dir='ltr'><strong>abiuneta,</strong></span> <span class='ocrx_word' id='word_1_292' title='bbox 1231 2891 1329 2964; x_wconf 88' lang='lat' dir='ltr'><strong>potius</strong></span> 
     </span>
     <span class='ocr_line' id='line_1_30' title="bbox 180 2964 1329 3046; baseline 0.005 -19"><span class='ocrx_word' id='word_1_293' title='bbox 180 2969 342 3040; x_wconf 76' lang='lat' dir='ltr'><strong>aopnationi</strong></span> <span class='ocrx_word' id='word_1_294' title='bbox 373 2972 521 3028; x_wconf 86' lang='lat' dir='ltr'><strong>uerborum</strong></span> <span class='ocrx_word' id='word_1_295' title='bbox 557 2987 640 3044; x_wconf 82' lang='lat' dir='ltr'><strong>quam</strong></span> <span class='ocrx_word' id='word_1_296' title='bbox 677 2974 801 3029; x_wconf 77' lang='lat' dir='ltr'><strong>auditori</strong></span> <span class='ocrx_word' id='word_1_297' title='bbox 814 2964 820 2977; x_wconf 74' lang='grc'>’</span> <span class='ocrx_word' id='word_1_298' title='bbox 833 2973 1020 3030; x_wconf 77' lang='lat' dir='ltr'><strong>columnianti</strong></span> <span class='ocrx_word' id='word_1_299' title='bbox 1052 2990 1178 3046; x_wconf 74' lang='lat' dir='ltr'><strong>aeramus</strong></span> <span class='ocrx_word' id='word_1_300' title='bbox 1214 2991 1329 3034; x_wconf 82' lang='lat' dir='ltr'><strong>morem.</strong></span> 
     </span>
     <span class='ocr_line' id='line_1_31' title="bbox 181 3052 1330 3130; baseline 0.006 -20"><span class='ocrx_word' id='word_1_301' title='bbox 181 3055 222 3116; x_wconf 87' lang='lat' dir='ltr'><strong>Vl.</strong></span> <span class='ocrx_word' id='word_1_302' title='bbox 248 3056 301 3113; x_wconf 83' lang='lat'><strong>35:</strong></span> <span class='ocrx_word' id='word_1_303' title='bbox 339 3052 421 3123; x_wconf 84' lang='lat' dir='ltr'><strong>ana</strong></span> <span class='ocrx_word' id='word_1_304' title='bbox 448 3058 487 3113; x_wconf 80' lang='lat' dir='ltr'><strong>ab</strong></span> <span class='ocrx_word' id='word_1_305' title='bbox 514 3064 668 3130; x_wconf 88' lang='lat' dir='ltr'><strong>temporum</strong></span> <span class='ocrx_word' id='word_1_306' title='bbox 694 3057 836 3114; x_wconf 84' lang='lat' dir='ltr'><strong>uocabula</strong></span> <span class='ocrx_word' id='word_1_307' title='bbox 863 3058 956 3115; x_wconf 85' lang='lat' dir='ltr'><strong>totino</strong></span> <span class='ocrx_word' id='word_1_308' title='bbox 981 3059 1095 3124; x_wconf 79' lang='lat' dir='ltr'><strong>attinet,</strong></span> <span class='ocrx_word' id='word_1_309' title='bbox 1127 3059 1263 3116; x_wconf 81' lang='lat' dir='ltr'><strong>baeterrae</strong></span> <span class='ocrx_word' id='word_1_310' title='bbox 1291 3061 1330 3117; x_wconf 85' lang='lat' dir='ltr'><strong>sit</strong></span> 
     </span>
     <span class='ocr_line' id='line_1_32' title="bbox 179 3140 1328 3218; baseline 0.003 -20"><span class='ocrx_word' id='word_1_311' title='bbox 179 3140 251 3198; x_wconf 89' lang='lat' dir='ltr'><strong>satis</strong></span> <span class='ocrx_word' id='word_1_312' title='bbox 274 3140 392 3207; x_wconf 71' lang='lat' dir='ltr'><strong>dietum·</strong></span> <span class='ocrx_word' id='word_1_313' title='bbox 414 3157 489 3197; x_wconf 87' lang='lat' dir='ltr'><strong>nune</strong></span> <span class='ocrx_word' id='word_1_314' title='bbox 511 3144 586 3215; x_wconf 80' lang='lat' dir='ltr'><strong>quod</strong></span> <span class='ocrx_word' id='word_1_315' title='bbox 607 3143 646 3198; x_wconf 81' lang='lat' dir='ltr'><strong>ad</strong></span> <span class='ocrx_word' id='word_1_316' title='bbox 667 3158 715 3199; x_wconf 90' lang='lat' dir='ltr'><strong>eas</strong></span> <span class='ocrx_word' id='word_1_317' title='bbox 737 3158 783 3198; x_wconf 85' lang='lat' dir='ltr'><strong>res</strong></span> <span class='ocrx_word' id='word_1_318' title='bbox 806 3142 906 3198; x_wconf 82' lang='lat' dir='ltr'><strong>attinet</strong></span> <span class='ocrx_word' id='word_1_319' title='bbox 928 3157 1000 3214; x_wconf 82' lang='lat' dir='ltr'><strong>quae</strong></span> <span class='ocrx_word' id='word_1_320' title='bbox 1027 3145 1058 3200; x_wconf 85' lang='lat' dir='ltr'><strong>in</strong></span> <span class='ocrx_word' id='word_1_321' title='bbox 1087 3151 1208 3217; x_wconf 87' lang='lat' dir='ltr'><strong>tempore</strong></span> <span class='ocrx_word' id='word_1_322' title='bbox 1230 3145 1328 3218; x_wconf 78' lang='lat' dir='ltr'><strong>aliptae</strong></span> 
     </span>
     <span class='ocr_line' id='line_1_33' title="bbox 178 3225 1327 3302; baseline 0.003 -19"><span class='ocrx_word' id='word_1_323' title='bbox 178 3227 242 3302; x_wconf 73' lang='lat' dir='ltr'><strong>fieri</strong></span> <span class='ocrx_word' id='word_1_324' title='bbox 263 3225 555 3283; x_wconf 77' lang='lat' dir='ltr'><strong>animadverterentur</strong></span> <span class='ocrx_word' id='word_1_325' title='bbox 576 3227 677 3294; x_wconf 80' lang='lat' dir='ltr'><strong>diuam,</strong></span> <span class='ocrx_word' id='word_1_326' title='bbox 699 3235 730 3284; x_wconf 91' lang='lat' dir='ltr'><strong>ut</strong></span> <span class='ocrx_word' id='word_1_327' title='bbox 750 3227 822 3284; x_wconf 81' lang='lat' dir='ltr'><strong>bara</strong></span> <span class='ocrx_word' id='word_1_328' title='bbox 841 3235 907 3284; x_wconf 89' lang='lat' dir='ltr'><strong>sunt</strong></span> <span class='ocrx_word' id='word_1_329' title='bbox 929 3229 1030 3302; x_wconf 75' lang='lat' dir='ltr'><strong>lepisti,</strong></span> <span class='ocrx_word' id='word_1_330' title='bbox 1052 3245 1195 3294; x_wconf 80' lang='lat' dir='ltr'><strong>cursurus,</strong></span> <span class='ocrx_word' id='word_1_331' title='bbox 1218 3230 1327 3287; x_wconf 78' lang='lat' dir='ltr'><strong>iubens.</strong></span> 
     </span>
     <span class='ocr_line' id='line_1_34' title="bbox 179 3309 1328 3390; baseline 0.001 -21"><span class='ocrx_word' id='word_1_332' title='bbox 179 3314 211 3369; x_wconf 75' lang='lat' dir='ltr'><strong>tui</strong></span> <span class='ocrx_word' id='word_1_333' title='bbox 235 3309 316 3368; x_wconf 87' lang='lat' dir='ltr'><strong>finem</strong></span> <span class='ocrx_word' id='word_1_334' title='bbox 338 3327 424 3385; x_wconf 84' lang='lat' dir='ltr'><strong>usque</strong></span> <span class='ocrx_word' id='word_1_335' title='bbox 445 3310 493 3368; x_wconf 91' lang='lat' dir='ltr'><strong>uhi</strong></span> <span class='ocrx_word' id='word_1_336' title='bbox 513 3310 534 3388; x_wconf 63' lang='grc' dir='ltr'>ξ</span> <span class='ocrx_word' id='word_1_337' title='bbox 557 3315 594 3371; x_wconf 87' lang='grc'><strong>97</strong></span> <span class='ocrx_word' id='word_1_338' title='bbox 620 3353 627 3369; x_wconf 94' lang='grc'><strong>.</strong></span> <span class='ocrx_word' id='word_1_339' title='bbox 652 3354 659 3370; x_wconf 93' lang='grc'><strong>.</strong></span> <span class='ocrx_word' id='word_1_340' title='bbox 683 3314 722 3369; x_wconf 79' lang='lat' dir='ltr'><strong>ad</strong></span> <span class='ocrx_word' id='word_1_341' title='bbox 744 3320 769 3369; x_wconf 91' lang='lat' dir='ltr'><strong>te</strong></span> <span class='ocrx_word' id='word_1_342' title='bbox 797 3313 861 3370; x_wconf 86' lang='lat' dir='ltr'><strong>misi</strong></span> <span class='ocrx_word' id='word_1_343' title='bbox 884 3314 955 3390; x_wconf 78' lang='lat' dir='ltr'><strong>duo,</strong></span> <span class='ocrx_word' id='word_1_344' title='bbox 984 3314 1111 3387; x_wconf 84' lang='lat' dir='ltr'><strong>priorem</strong></span> <span class='ocrx_word' id='word_1_345' title='bbox 1140 3315 1174 3370; x_wconf 82' lang='lat' dir='ltr'><strong>de</strong></span> <span class='ocrx_word' id='word_1_346' title='bbox 1203 3315 1273 3373; x_wconf 82' lang='lat' dir='ltr'><strong>iouis</strong></span> <span class='ocrx_word' id='word_1_347' title='bbox 1301 3322 1328 3370; x_wconf 91' lang='lat' dir='ltr'><strong>et</strong></span> 
     </span>
     <span class='ocr_line' id='line_1_35' title="bbox 180 3396 1327 3472; baseline 0.004 -20"><span class='ocrx_word' id='word_1_348' title='bbox 180 3397 304 3471; x_wconf 82' lang='lat' dir='ltr'><strong>quaein</strong></span> <span class='ocrx_word' id='word_1_349' title='bbox 327 3396 396 3452; x_wconf 84' lang='lat' dir='ltr'><strong>loeis</strong></span> <span class='ocrx_word' id='word_1_350' title='bbox 418 3403 498 3462; x_wconf 90' lang='lat' dir='ltr'><strong>sunt,</strong></span> <span class='ocrx_word' id='word_1_351' title='bbox 532 3396 606 3454; x_wconf 87' lang='lat' dir='ltr'><strong>buno</strong></span> <span class='ocrx_word' id='word_1_352' title='bbox 628 3400 661 3455; x_wconf 78' lang='lat' dir='ltr'><strong>rie</strong></span> <span class='ocrx_word' id='word_1_353' title='bbox 684 3399 853 3472; x_wconf 85' lang='lat' dir='ltr'><strong>temporibus</strong></span> <span class='ocrx_word' id='word_1_354' title='bbox 876 3405 902 3455; x_wconf 89' lang='lat' dir='ltr'><strong>et</strong></span> <span class='ocrx_word' id='word_1_355' title='bbox 923 3413 995 3471; x_wconf 81' lang='lat' dir='ltr'><strong>quae</strong></span> <span class='ocrx_word' id='word_1_356' title='bbox 1017 3414 1079 3454; x_wconf 89' lang='lat' dir='ltr'><strong>oum</strong></span> <span class='ocrx_word' id='word_1_357' title='bbox 1099 3397 1144 3454; x_wconf 84' lang='lat' dir='ltr'><strong>bis</strong></span> <span class='ocrx_word' id='word_1_358' title='bbox 1165 3407 1230 3456; x_wconf 89' lang='lat' dir='ltr'><strong>sunt</strong></span> <span class='ocrx_word' id='word_1_359' title='bbox 1260 3416 1327 3457; x_wconf 86' lang='lat' dir='ltr'><strong>aon·</strong></span> 
     </span>
     <span class='ocr_line' id='line_1_36' title="bbox 178 3484 285 3539; baseline -0.019 0"><span class='ocrx_word' id='word_1_360' title='bbox 178 3484 285 3539; x_wconf 82' lang='lat' dir='ltr'><strong>iuncta.</strong></span> 
     </span>
    </p>

    <p class='ocr_par' dir='ltr' id='par_1_5' title="bbox 178 3566 1328 4066">
     <span class='ocr_line' id='line_1_37' title="bbox 263 3566 1325 3641; baseline 0.005 -18"><span class='ocrx_word' id='word_1_361' title='bbox 263 3568 317 3623; x_wconf 85' lang='lat' dir='ltr'><strong>iarn</strong></span> <span class='ocrx_word' id='word_1_362' title='bbox 338 3566 479 3640; x_wconf 88' lang='lat' dir='ltr'><strong>septimam</strong></span> <span class='ocrx_word' id='word_1_363' title='bbox 502 3575 625 3624; x_wconf 90' lang='lat' dir='ltr'><strong>nostrum</strong></span> <span class='ocrx_word' id='word_1_364' title='bbox 646 3568 780 3641; x_wconf 73' lang='lat' dir='ltr'><strong>attigimus</strong></span> <span class='ocrx_word' id='word_1_365' title='bbox 800 3566 908 3632; x_wconf 86' lang='lat' dir='ltr'><strong>librum,</strong></span> <span class='ocrx_word' id='word_1_366' title='bbox 931 3567 1006 3623; x_wconf 85' lang='lat' dir='ltr'><strong>euius</strong></span> <span class='ocrx_word' id='word_1_367' title='bbox 1028 3577 1214 3641; x_wconf 81' lang='lat' dir='ltr'><strong>argumentum</strong></span> <span class='ocrx_word' id='word_1_368' title='bbox 1237 3568 1290 3634; x_wconf 86' lang='lat' dir='ltr'><strong>vlt,</strong></span> <span class='ocrx_word' id='word_1_369' title='bbox 1309 3572 1325 3628; x_wconf 88' lang='lat'>5</span> 
     </span>
     <span class='ocr_line' id='line_1_38' title="bbox 180 3649 1328 3728; baseline 0.003 -21"><span class='ocrx_word' id='word_1_370' title='bbox 180 3650 220 3708; x_wconf 85' lang='lat' dir='ltr'><strong>bis</strong></span> <span class='ocrx_word' id='word_1_371' title='bbox 244 3652 376 3710; x_wconf 82' lang='lat' dir='ltr'><strong>retertur:</strong></span> <span class='ocrx_word' id='word_1_372' title='bbox 411 3649 511 3708; x_wconf 81' lang='lat' dir='ltr'><strong>Dicam</strong></span> <span class='ocrx_word' id='word_1_373' title='bbox 538 3652 569 3708; x_wconf 88' lang='lat' dir='ltr'><strong>in</strong></span> <span class='ocrx_word' id='word_1_374' title='bbox 597 3651 650 3708; x_wconf 88' lang='lat' dir='ltr'><strong>boe</strong></span> <span class='ocrx_word' id='word_1_375' title='bbox 678 3654 751 3710; x_wconf 90' lang='lat' dir='ltr'><strong>tibro</strong></span> <span class='ocrx_word' id='word_1_376' title='bbox 774 3654 807 3709; x_wconf 80' lang='lat' dir='ltr'><strong>be</strong></span> <span class='ocrx_word' id='word_1_377' title='bbox 829 3653 921 3728; x_wconf 86' lang='lat' dir='ltr'><strong>uerbis</strong></span> <span class='ocrx_word' id='word_1_378' title='bbox 944 3666 1017 3724; x_wconf 79' lang='lat' dir='ltr'><strong>puae</strong></span> <span class='ocrx_word' id='word_1_379' title='bbox 1039 3654 1168 3727; x_wconf 88' lang='lat' dir='ltr'><strong>apoetis</strong></span> <span class='ocrx_word' id='word_1_380' title='bbox 1190 3661 1256 3710; x_wconf 89' lang='lat' dir='ltr'><strong>sunt</strong></span> <span class='ocrx_word' id='word_1_381' title='bbox 1273 3670 1328 3727; x_wconf 87' lang='lat' dir='ltr'><strong>po·</strong></span> 
     </span>
     <span class='ocr_line' id='line_1_39' title="bbox 178 3736 1325 3812; baseline 0.003 -21"><span class='ocrx_word' id='word_1_382' title='bbox 178 3737 244 3801; x_wconf 86' lang='lat' dir='ltr'><strong>sita,</strong></span> <span class='ocrx_word' id='word_1_383' title='bbox 263 3738 387 3810; x_wconf 84' lang='lat' dir='ltr'><strong>primum</strong></span> <span class='ocrx_word' id='word_1_384' title='bbox 408 3736 443 3791; x_wconf 79' lang='lat' dir='ltr'><strong>de</strong></span> <span class='ocrx_word' id='word_1_385' title='bbox 464 3736 542 3802; x_wconf 84' lang='lat' dir='ltr'><strong>louis,</strong></span> <span class='ocrx_word' id='word_1_386' title='bbox 566 3737 630 3794; x_wconf 79' lang='lat' dir='ltr'><strong>bein</strong></span> <span class='ocrx_word' id='word_1_387' title='bbox 652 3752 726 3810; x_wconf 81' lang='lat' dir='ltr'><strong>quae</strong></span> <span class='ocrx_word' id='word_1_388' title='bbox 747 3739 779 3794; x_wconf 89' lang='lat' dir='ltr'><strong>in</strong></span> <span class='ocrx_word' id='word_1_389' title='bbox 800 3737 870 3794; x_wconf 83' lang='lat' dir='ltr'><strong>loeis</strong></span> <span class='ocrx_word' id='word_1_390' title='bbox 891 3744 964 3803; x_wconf 86' lang='lat' dir='ltr'><strong>sunt,</strong></span> <span class='ocrx_word' id='word_1_391' title='bbox 987 3740 1068 3794; x_wconf 87' lang='lat' dir='ltr'><strong>tertio</strong></span> <span class='ocrx_word' id='word_1_392' title='bbox 1091 3740 1124 3795; x_wconf 82' lang='lat' dir='ltr'><strong>de</strong></span> <span class='ocrx_word' id='word_1_393' title='bbox 1147 3739 1325 3812; x_wconf 89' lang='lat' dir='ltr'><strong>temporibus,</strong></span> 
     </span>
     <span class='ocr_line' id='line_1_40' title="bbox 180 3822 1327 3896; baseline 0.004 -21"><span class='ocrx_word' id='word_1_394' title='bbox 180 3827 237 3876; x_wconf 87' lang='lat' dir='ltr'><strong>tum</strong></span> <span class='ocrx_word' id='word_1_395' title='bbox 258 3836 330 3894; x_wconf 82' lang='lat' dir='ltr'><strong>puae</strong></span> <span class='ocrx_word' id='word_1_396' title='bbox 353 3838 415 3877; x_wconf 89' lang='lat' dir='ltr'><strong>aum</strong></span> <span class='ocrx_word' id='word_1_397' title='bbox 437 3822 606 3895; x_wconf 71' lang='lat' dir='ltr'><strong>temporibus</strong></span> <span class='ocrx_word' id='word_1_398' title='bbox 627 3830 693 3878; x_wconf 90' lang='lat' dir='ltr'><strong>sunt</strong></span> <span class='ocrx_word' id='word_1_399' title='bbox 715 3822 865 3879; x_wconf 81' lang='lat' dir='ltr'><strong>coniuncta</strong></span> <span class='ocrx_word' id='word_1_400' title='bbox 886 3824 930 3880; x_wconf 69' lang='lat' dir='ltr'><strong>bes</strong></span> <span class='ocrx_word' id='word_1_401' title='bbox 951 3829 983 3880; x_wconf 86' lang='lat' dir='ltr'><strong>at</strong></span> <span class='ocrx_word' id='word_1_402' title='bbox 1005 3839 1077 3896; x_wconf 81' lang='lat' dir='ltr'><strong>puae</strong></span> <span class='ocrx_word' id='word_1_403' title='bbox 1107 3840 1168 3879; x_wconf 88' lang='lat' dir='ltr'><strong>oum</strong></span> <span class='ocrx_word' id='word_1_404' title='bbox 1196 3823 1241 3880; x_wconf 88' lang='lat' dir='ltr'><strong>bis</strong></span> <span class='ocrx_word' id='word_1_405' title='bbox 1269 3823 1327 3880; x_wconf 92' lang='lat' dir='ltr'><strong>sint</strong></span> 
     </span>
     <span class='ocr_line' id='line_1_41' title="bbox 179 3905 1326 3982; baseline 0.004 -23"><span class='ocrx_word' id='word_1_406' title='bbox 179 3905 331 3962; x_wconf 84' lang='lat' dir='ltr'><strong>coniuncta</strong></span> <span class='ocrx_word' id='word_1_407' title='bbox 344 3907 506 3979; x_wconf 75' lang='lat' dir='ltr'><strong>abiunpam,</strong></span> <span class='ocrx_word' id='word_1_408' title='bbox 530 3913 556 3962; x_wconf 89' lang='lat' dir='ltr'><strong>et</strong></span> <span class='ocrx_word' id='word_1_409' title='bbox 577 3907 685 3980; x_wconf 76' lang='lat' dir='ltr'><strong>siquid</strong></span> <span class='ocrx_word' id='word_1_410' title='bbox 707 3906 816 3963; x_wconf 82' lang='lat' dir='ltr'><strong>eaoedit</strong></span> <span class='ocrx_word' id='word_1_411' title='bbox 838 3923 873 3964; x_wconf 86' lang='lat' dir='ltr'><strong>ea</strong></span> <span class='ocrx_word' id='word_1_412' title='bbox 894 3907 948 3965; x_wconf 86' lang='lat' dir='ltr'><strong>baa</strong></span> <span class='ocrx_word' id='word_1_413' title='bbox 971 3908 1208 3982; x_wconf 77' lang='lat' dir='ltr'><strong>quadripertione,</strong></span> <span class='ocrx_word' id='word_1_414' title='bbox 1233 3916 1326 3967; x_wconf 87' lang='lat' dir='ltr'><strong>tamen</strong></span> 
     </span>
     <span class='ocr_line' id='line_1_42' title="bbox 178 3989 1326 4066; baseline 0.005 -22"><span class='ocrx_word' id='word_1_415' title='bbox 178 3989 209 4044; x_wconf 85' lang='lat' dir='ltr'><strong>in</strong></span> <span class='ocrx_word' id='word_1_416' title='bbox 232 4005 267 4045; x_wconf 89' lang='lat' dir='ltr'><strong>ea</strong></span> <span class='ocrx_word' id='word_1_417' title='bbox 287 3997 319 4045; x_wconf 88' lang='lat' dir='ltr'><strong>ut</strong></span> <span class='ocrx_word' id='word_1_418' title='bbox 340 3991 581 4065; x_wconf 79' lang='lat' dir='ltr'><strong>eomprebendom.</strong></span> <span class='ocrx_word' id='word_1_419' title='bbox 625 3999 783 4066; x_wconf 85' lang='lat' dir='ltr'><strong>corruptum</strong></span> <span class='ocrx_word' id='word_1_420' title='bbox 812 3991 876 4049; x_wconf 82' lang='lat' dir='ltr'><strong>iliud</strong></span> <span class='ocrx_word' id='word_1_421' title='bbox 899 3995 943 4050; x_wconf 79' lang='lat' dir='ltr'><strong>dis</strong></span> <span class='ocrx_word' id='word_1_422' title='bbox 967 3992 1089 4050; x_wconf 86' lang='lat' dir='ltr'><strong>biiiller</strong></span> <span class='ocrx_word' id='word_1_423' title='bbox 1110 3993 1137 4048; x_wconf 95' lang='lat' dir='ltr'><strong>in</strong></span> <span class='ocrx_word' id='word_1_424' title='bbox 1159 3994 1201 4049; x_wconf 87' lang='lat' dir='ltr'><strong>ita</strong></span> <span class='ocrx_word' id='word_1_425' title='bbox 1222 4001 1253 4050; x_wconf 91' lang='lat' dir='ltr'><strong>ut</strong></span> <span class='ocrx_word' id='word_1_426' title='bbox 1274 4010 1326 4050; x_wconf 82' lang='lat' dir='ltr'><strong>au-</strong></span> 
     </span>
    </p>
   </div>
   <div class='ocr_carea' id='block_1_5' title="bbox 178 4135 1325 4272">
    <p class='ocr_par' dir='ltr' id='par_1_6' title="bbox 178 4135 1325 4272">
     <span class='ocr_line' id='line_1_43' title="bbox 178 4135 1325 4272; baseline 0.011 -86"><span class='ocrx_word' id='word_1_427' title='bbox 178 4135 270 4258; x_wconf 48' lang='lat' dir='ltr'><strong>addittl)</strong></span> <span class='ocrx_word' id='word_1_428' title='bbox 281 4135 505 4272; x_wconf 48' lang='lat' dir='ltr'><strong>{effigiemque</strong></span> <span class='ocrx_word' id='word_1_429' title='bbox 522 4145 564 4195; x_wconf 80' lang='lat' dir='ltr'><strong>bis</strong></span> <span class='ocrx_word' id='word_1_430' title='bbox 581 4145 724 4194; x_wconf 78' lang='lat' dir='ltr'><strong>coniuncta</strong></span> <span class='ocrx_word' id='word_1_431' title='bbox 741 4139 855 4202; x_wconf 77' lang='lat' dir='ltr'><strong>fuerunt</strong></span> <span class='ocrx_word' id='word_1_432' title='bbox 872 4143 934 4196; x_wconf 82' lang='lat' dir='ltr'><strong>olibi</strong></span> <span class='ocrx_word' id='word_1_433' title='bbox 952 4160 1004 4196; x_wconf 92' lang='lat' dir='ltr'><strong>non</strong></span> <span class='ocrx_word' id='word_1_434' title='bbox 1022 4142 1086 4196; x_wconf 84' lang='lat' dir='ltr'><strong>loeis</strong></span> <span class='ocrx_word' id='word_1_435' title='bbox 1103 4141 1149 4195; x_wconf 86' lang='lat' dir='ltr'><strong>sed</strong></span> <span class='ocrx_word' id='word_1_436' title='bbox 1168 4145 1325 4212; x_wconf 82' lang='lat' dir='ltr'><strong>temporibus</strong></span> 
     </span>
    </p>
   </div>
   <div class='ocr_carea' id='block_1_6' title="bbox 0 0 1524 5048">
    <p class='ocr_par' dir='ltr' id='par_1_7' title="bbox 0 0 1524 5048">
     <span class='ocr_line' id='line_1_44' title="bbox 0 0 1524 5048; baseline 0 1"><span class='ocrx_word' id='word_1_437' title='bbox 0 0 1524 5048; x_wconf 95' lang='lat' dir='ltr'><strong> </strong></span> 
     </span>
    </p>
   </div>
  </div>
 </body>
</html>
