3038 5048
760 304 897 359 Praelatio.

363 482 425 540 item
453 491 517 540 sunt
546 480 725 540 declinatnum
753 480 855 555 species
884 488 1029 554 quattuor,
1064 496 1132 555 quae
1162 491 1281 555 tempora
1311 481 1416 543 habent

362 567 421 624 sine
435 566 567 641 personis,
591 567 616 622 in
632 565 762 640 rogando,
786 565 985 640 respondendo,
1009 565 1137 639 optando,
1161 565 1309 640 imperandi
1325 567 1414 627 decli·

362 661 440 709 natus
462 653 551 710 sintne
572 650 651 709 habet
673 649 876 708 dubitationem.

361 737 491 795 accedunt
511 737 542 793 ad
566 735 613 792 has
634 735 735 809 species
756 751 770 790 a
792 733 898 810 copulis
920 734 1079 792 divisionum
1108 734 1259 808 quadrinis,
1294 735 1328 792 ab
1365 737 1412 793 in·

363 820 424 879 lecti
448 831 474 880 et
496 820 620 896 perlecti,
651 818 684 876 ab
706 819 788 876 semel
810 829 837 876 et
858 818 978 892 saepius,
1009 818 1159 877 alaciendi
1181 829 1209 878 et
1230 821 1363 895 patiendi,
1395 838 1411 877 a

361 906 502 980 singularis
524 915 551 964 et
572 904 759 962 multitudinis.

360 990 440 1047 huius
455 991 559 1065 generis
582 988 733 1053 verborum,
757 989 833 1047 cuius
855 988 958 1062 species
980 989 1090 1062 exposui
1112 1004 1192 1062 quam
1215 989 1267 1047 lato
1289 991 1410 1066 quidque

362 1084 450 1149 pateat
464 1085 491 1132 et
506 1075 652 1132 cuiusmodi
676 1073 771 1131 eliciat
793 1073 901 1147 figuras,
928 1073 955 1129 in
978 1072 1053 1129 libris
1076 1074 1121 1147 qui
1143 1073 1176 1132 de
1198 1073 1321 1132 lormulis
1345 1093 1410 1134 ver-

362 1158 457 1215 borum
480 1168 559 1216 erunt
581 1158 733 1232 diligentius
756 1158 920 1232 expedietur.
950 1154 969 1232 ξ
994 1160 1128 1218 30-33.

256 1247 283 1302 3.
307 1243 390 1299 333ιί3
412 1244 515 1316 generis
545 1259 613 1316 quac
641 1243 810 1299 declinantur
836 1258 897 1299 cum
928 1241 1092 1316 temporibus
1123 1259 1153 1300 ac
1175 1241 1281 1301 casibus
1303 1259 1334 1301 ac
1356 1260 1409 1300 uo·

361 1335 457 1384 cantur
478 1344 492 1383 a
514 1326 604 1383 multis
625 1327 685 1383 ideo
708 1327 883 1400 participalia,
909 1336 974 1384 sunt
995 1327 1047 1384 hoc
1068 1345 1102 1401 ge

543 1413 674 1468 Desunt
705 1412 769 1467 tria
800 1404 928 1469 lolia*
956 1411 975 1484 §
999 1414 1048 1470 31.

341 1494 371 1554 ll.
414 1495 494 1571 (Quid
517 1496 549 1553 sit
571 1494 696 1569 datto.)
726 1495 745 1568 §
769 1497 817 1554 35.
842 1498 892 1555 36.

255 1579 336 1618 ***
358 1581 425 1637 ratio
448 1598 527 1654 quam
550 1581 608 1637 diro
633 1580 792 1653 utrubique,
820 1589 847 1637 et
869 1582 895 1636 in
917 1580 957 1635 his
980 1578 1067 1637 verbis
1090 1596 1159 1654 quae
1180 1581 1358 1654 imponuntur
1379 1589 1407 1638 et

254 1664 281 1720 in
304 1664 344 1719 his
366 1682 434 1739 quae
456 1665 637 1728 declinantur,
671 1681 759 1739 neque
787 1681 841 1721 non
870 1666 949 1722 ctiam
980 1666 1056 1722 tertia
1078 1665 1120 1721 illa
1143 1680 1212 1740 quae
1234 1681 1266 1722 ex
1288 1673 1407 1740 utroque

254 1749 381 1806 miscetur
402 1767 509 1824 genere.

340 1833 381 1888 lll.
426 1832 495 1902 Quid
516 1835 551 1890 sit
573 1833 817 1890 aaopoattottc.
846 1831 865 1910 ἓ
890 1834 1025 1893 37483.

254 1916 377 1988 sequitur
399 1919 493 1975 tertius
515 1918 607 1981 locus,
640 1935 709 1991 quac
736 1919 771 1975 sit
795 1919 863 1975 ratio
887 1919 1077 1992 proportione;
1111 1933 1140 1974 ea
1170 1934 1265 1991 graece
1293 1927 1405 1977 vocatur

255 1992 429 2080 ἀνάλογον,
452 2003 485 2060 ab
508 1997 670 2079 ἀνάλογον
693 2003 763 2060 dicta
783 2003 912 2075 analogia.
937 2001 1105 2074 ..analogia
1128 2018 1196 2075 quae
1218 2002 1323 2068 dicitnr,
1348 2005 1404 2062 eius

255 2103 352 2159 genera
367 2097 431 2144 sunt
446 2090 508 2153 duo,
532 2106 616 2146 unum
638 2088 793 2145 deiunctnm
814 2089 852 2144 sic
874 2096 928 2143 est:
951 2096 982 2143 ut
1003 2103 1088 2143 unum
1109 2087 1143 2142 ad
1166 2087 1229 2153 duo,
1252 2088 1290 2144 sic
1313 2089 1404 2147 decem

255 2171 288 2226 ad
310 2171 417 2245 viginti,
440 2173 554 2230 alterum
577 2174 749 2231 coniunctum
772 2173 825 2236 sic,
856 2181 886 2228 ut
907 2180 949 2228 est
969 2188 1052 2229 unum
1074 2171 1108 2226 ad
1131 2171 1202 2237 duo,
1233 2172 1271 2229 sic
1294 2173 1348 2230 duo
1371 2175 1404 2231 ad

255 2266 385 2331 quattuor
406 2257 425 2332 ξ
449 2262 487 2317 45
514 2300 545 2316 ..
568 2257 755 2333 quadruplices
779 2258 918 2314 deiunctae
940 2257 966 2312 in
989 2255 1093 2312 casibus
1115 2264 1179 2312 sunt
1200 2256 1402 2322 vocabulorum,

255 2341 415 2401 coniunctae
436 2352 501 2401 sunt
523 2344 639 2418 triplices
661 2344 688 2398 in
711 2341 852 2399 verborum
876 2342 962 2398 tribus
986 2340 1152 2414 temporibus
1174 2337 1194 2415 ξ
1218 2345 1255 2400 47
1282 2382 1314 2399 ..
1337 2359 1403 2400 ana·

254 2425 324 2499 logia
352 2427 525 2486 fundamenta
553 2426 633 2484 habet
660 2436 706 2484 aut
727 2444 742 2483 3
762 2427 901 2483 voluntate
929 2426 1083 2490 hominum,
1118 2433 1200 2482 anta
1223 2435 1318 2484 natura
1340 2444 1403 2486 ver·

256 2511 366 2577 borum,
396 2521 443 2569 aut
463 2529 477 2568 3
500 2529 529 2568 re
551 2522 665 2585 utraque
687 2511 705 2586 ξ
730 2512 766 2570 51
794 2553 800 2567 .
825 2552 832 2566 .
855 2510 992 2584 analogiae
1015 2512 1063 2567 tria
1085 2519 1149 2566 sunt
1174 2527 1287 2583 genera,
1318 2528 1403 2569 unum

255 2596 327 2667 quod
349 2596 375 2649 in
398 2596 488 2660 rebus,
512 2596 623 2653 alterum
639 2597 711 2671 quod
734 2594 894 2660 indocilem,
918 2595 1026 2652 tertium
1049 2595 1123 2669 quod
1145 2595 1171 2650 in
1194 2604 1324 2670 utroque3
1349 2597 1402 2654 duo

255 2677 343 2750 priora
370 2678 511 2753 simplicia,
548 2683 654 2738 tertium
684 2680 780 2754 duplex
802 2679 821 2754 ξ
845 2683 882 2740 63
909 2721 915 2737 .
938 2720 946 2736 .
969 2680 1086 2754 perlecta
1115 2681 1141 2736 in
1171 2697 1224 2754 qua
1252 2689 1279 2737 et
1306 2698 1348 2739 res
1377 2689 1404 2740 et

254 2777 332 2816 voces
361 2765 474 2836 quadam
501 2766 671 2822 similitudine
695 2767 883 2829 continentur,
918 2764 993 2821 cuius
1015 2781 1112 2839 genera
1134 2772 1199 2821 sunt
1221 2765 1283 2829 tria,
1318 2782 1402 2824 unum

253 2847 425 2904 vernaculum
448 2866 478 2906 ac
500 2850 571 2906 domi
593 2859 699 2914 natum,
731 2850 844 2906 alterum
866 2849 1057 2914 adventicium,
1090 2848 1195 2906 tertium
1217 2850 1346 2917 nothum,
1371 2867 1402 2909 ea

253 2931 396 3002 peregrino
418 2933 462 2988 hic
483 2942 574 2989 natum
597 2932 615 3008 ξ
641 2933 680 2992 39
704 2974 710 2988 .
735 2974 741 2989 .
765 2951 852 3007 neque
881 2951 970 2991 rerum
999 2950 1087 3007 neque
1107 2934 1181 2991 vocis
1202 2934 1345 2993 similitudo
1369 2936 1402 2994 33

253 3013 300 3068 has
329 3015 441 3087 duplicis
472 3034 538 3090 quas
570 3019 595 3073 in
625 3017 761 3091 loquendo
791 3019 943 3091 quaerimus
972 3019 1113 3093 separatim
1142 3019 1205 3075 satis
1234 3027 1290 3085 est,
1327 3021 1400 3094 quod

253 3107 367 3173 utraque
388 3109 463 3173 parte
485 3119 553 3175 opus
576 3111 617 3158 cst
638 3102 714 3158 simili
736 3103 768 3158 33
790 3101 923 3176 analogias
946 3103 1090 3160 verborum
1112 3103 1311 3178 exprimendas,
1335 3121 1401 3179 quas

253 3184 471 3259 adloquendum
494 3195 524 3242 ut
545 3187 676 3260 perducas
698 3187 824 3244 accedere
846 3187 925 3244 alelret
947 3205 1010 3244 usus
1033 3185 1052 3262 ξ
1076 3189 1115 3246 72
1140 3228 1147 3243 .
1170 3228 1178 3244 .
1202 3188 1276 3245 usuis
1298 3190 1400 3264 species

253 3269 377 3326 videntur
398 3287 456 3327 esse
477 3280 539 3337 tres,
563 3288 616 3327 una
638 3272 839 3329 consuetudinis
862 3274 967 3337 veteris,
989 3272 1070 3328 altera
1087 3273 1287 3330 consuetudinis
1310 3273 1398 3340 huius,

254 3355 330 3412 tertia
354 3364 492 3413 neutrae.
518 3398 524 3413 .
547 3356 668 3430 analogia
695 3374 749 3413 333
779 3359 841 3413 item
869 3359 960 3414 eadem
987 3356 1149 3422 delinienda,
1180 3374 1248 3432 quae
1272 3358 1401 3433 derigitur

252 3440 284 3494 ad
306 3449 426 3498 naturam
450 3439 592 3497 verborum
615 3449 695 3515 atque
716 3442 758 3498 illa
781 3458 850 3514 quae
872 3443 904 3497 ad
925 3459 1004 3499 usum
1025 3442 1201 3515 loquendi..
1224 3443 1344 3517 aperitur
1367 3444 1400 3501 33

252 3524 362 3598 singulis
390 3524 524 3599 partibus,
559 3526 625 3598 quid
652 3526 755 3583 dicatur
783 3524 909 3590 verbum,
944 3527 1008 3599 quid
1038 3526 1180 3584 similitudo
1212 3527 1300 3591 verbi,
1335 3528 1399 3601 quid

253 3608 407 3675 declinatio,
442 3610 505 3684 quid
532 3610 677 3666 similitudo
708 3611 892 3668 declinationis
925 3627 979 3666 non
1008 3621 1177 3685 repugnante
1205 3611 1398 3669 consuetudine

252 3696 395 3762 communi,
419 3696 482 3770 quid
504 3711 536 3752 ex
558 3695 670 3768 quadam
694 3705 792 3768 parte.
809 3734 815 3749 .
832 3694 859 3750 in
882 3694 979 3768 quibus
1002 3712 1057 3752 non
1080 3695 1175 3754 debeat
1197 3695 1315 3771 analogia
1337 3712 1397 3754 esse

320 3976 344 4040 *)
361 3976 490 4031 Intercidit
506 3977 570 4030 haec
588 3977 661 4029 tertia
679 3991 750 4044 pars,
778 3991 844 4044 quae
867 3978 999 4044 participia
1022 3978 1227 4046 comprehendit,
1255 3981 1316 4032 item
1341 3983 1396 4033 tota

252 4045 355 4108 quarta,
375 4059 440 4110 quae
459 4051 562 4111 neutra,
587 4059 670 4114 neque
688 4058 762 4096 casus
780 4058 863 4111 neque
881 4049 995 4112 tempora
1013 4047 1104 4112 habet,
1130 4049 1159 4098 33
1175 4045 1251 4100 33333
1269 4052 1295 4100 33
1313 4047 1396 4101 tacete

250 4110 268 4177 5
288 4112 327 4161 l'l.
363 4109 406 4162 llis
424 4113 473 4165 nisi
491 4114 539 4166 alia
558 4129 628 4166 more
646 4128 693 4165 suo
712 4110 822 4175 addidit,
842 4114 921 4178 prima
940 4129 981 4167 res
999 4116 1116 4180 quidest
1133 4113 1257 4166 SlrlHLll'
1275 4115 1395 4168 331318-

252 4175 376 4228 SIMILE
398 4177 470 4232 linita
494 4186 546 4243 esl;
575 4181 732 4234 desideratur
758 4180 818 4231 item
846 4182 945 4234 initium
973 4181 1099 4234 secundae
1127 4180 1194 4245 qnid
1217 4186 1253 4231 sit
1279 4182 1395 4249 RATIO,

251 4243 339 4311 paucis
356 4247 386 4296 ul
402 4246 503 4301 videtur
520 4251 710 4316 comprehensa,
727 4263 804 4316 quam
823 4265 888 4317 quae
906 4253 1047 4319 sequuntur
1064 4250 1181 4300 tractant.
