3038 5048
493 318 607 376 LIBER
624 318 790 387 QUINTUS.
826 319 971 387 §nt-26.

203 494 325 560 Terra
347 489 434 557 abit
455 489 494 554 in
516 489 671 555 nimbos
692 489 938 571 imbremque

159 594 335 662 Pacuvius:
1327 582 1459 660 (nolent

203 703 310 762 terra
332 693 470 761 exalat
491 710 625 758 auram
647 696 765 774 atque
787 711 971 759 auroram
992 692 1204 777 humidam,

162 799 358 879 humectam,
382 793 456 859 hine
470 811 549 876 ager
565 793 740 877 uliginosus
755 791 1008 877 tumidissimum
1030 792 1105 860 hine
1125 794 1216 863 Uduo
1237 796 1305 863 uvi·

124 898 237 982 edus,
264 896 338 963 hine
367 894 471 963 Sudor
493 900 525 961 et
548 893 645 961 Udor.
689 894 717 961 is
746 895 775 960 si
802 895 950 977 quamvis
978 894 1126 962 deorsum
1149 897 1185 964 ’in
1212 904 1304 981 terra,

163 999 247 1065 unde
269 998 351 1065 sumi
372 1005 456 1082 pote,
479 998 613 1079 Puteus;
642 996 704 1062 nisi
731 996 837 1081 potius
858 994 945 1081 quod
966 997 1076 1064 Aeolis
1098 998 1247 1066 dicebant
1269 1001 1407 1081 111625

162 1098 315 1183 morabor
337 1099 384 1165 sio
406 1097 529 1164 πύτεον
552 1101 583 1175 [a
604 1095 708 1183 potu]‚
737 1118 800 1164 non
825 1104 860 1164 ut
885 1118 968 1165 nuno
990 1097 1106 1186 φρέαρ.
1151 1101 1179 1165 Α
1202 1103 1306 1187 puteis
1326 1116 1391 1170 (aaa
1404 1113 1459 1168 snb

162 1200 315 1288 oppidum
336 1206 371 1267 ut
385 1199 519 1284 Puteoli,
542 1200 629 1283 quod
649 1199 799 1266 inoiroum
822 1220 895 1267 eum
917 1202 1022 1268 locum
1044 1222 1147 1284 aquae
1169 1202 1305 1288 frigidae

162 1309 194 1369 et
216 1301 329 1370 oaldae
351 1302 481 1386 multae,
504 1300 566 1367 nisi
588 1321 608 1365 a
629 1309 742 1385 putore
763 1302 878 1386 potine,
902 1301 988 1385 quod
1010 1303 1138 1388 putidus
1153 1303 1306 1371 odoribus

111 1417 140 1468 ro
161 1425 259 1490 saepe
281 1425 322 1470 ex
337 1403 488 1489 sulphure
503 1407 535 1471 et
550 1402 699 1469 alumine.
742 1404 843 1468 Extra
858 1403 978 1487 oppida
998 1423 1018 1468 a
1038 1407 1144 1489 puteis
1159 1406 1305 1489 Putionli,

161 1507 246 1593 quod
268 1506 314 1571 ibi
335 1506 369 1570 in
389 1507 494 1590 puteis
516 1505 731 1572 obruebantur
752 1504 906 1588 homines,
929 1507 991 1572 nisi
1006 1507 1121 1591 potius,
1144 1512 1179 1573 ut
1195 1506 1306 1574 Aelius

161 1608 281 1691 scribit,
303 1607 468 1674 Putieulae
491 1607 576 1689 quod
598 1607 808 1692 patescebant
829 1607 875 1673 ibi
897 1606 1056 1674 cadavera
1077 1607 1228 1692 proiecta,
1251 1608 1305 1691 qui

161 1713 250 1780 loeus
270 1710 417 1794 pnblioue
434 1711 516 1775 ultra
530 1707 707 1790 uxquilias.
750 1710 860 1790 itaque
883 1727 955 1774 eum
971 1709 1120 1776 Afranius
1142 1710 1305 1778 Putiluoos

159 1814 194 1880 in
208 1817 319 1894 togata
333 1811 483 1896 appellat,
508 1810 594 1892 quod
608 1808 682 1876 inde
697 1810 873 1896 suspiciunt
887 1831 944 1896 per
958 1817 1071 1896 puteos
1085 1812 1202 1876 lumen.
1240 1809 1301 1876 La·
1324 1814 1344 1892 ξ
1369 1813 1410 1877 26

248 2014 278 2067 F.
298 2013 345 2067 fol.
365 2017 380 2066 4
398 2029 460 2066 eum
477 2011 568 2067 locum
587 2051 593 2064 .
614 2052 620 2064 .
639 2053 645 2066 .
664 2009 816 2066 sacrifieiis.

251 2205 262 2254 1
282 2199 341 2254 abit
358 2198 661 2266 abcAuguetinus,
679 2195 748 2252 abiit
760 2196 878 2253 aeteri.
893 2227 926 2236 -
943 2197 1097 2266 imbresque
1109 2196 1147 2264 M,
1166 2197 1308 2252 Laetus.

162 2315 196 2324 -
209 2291 224 2340 3
237 2284 328 2339 exalat
339 2283 372 2353 F,
390 2283 500 2338 exhalat
512 2282 658 2350 Laetus,
670 2282 817 2337 exhalabat
828 2284 860 2349 B,
873 2282 985 2337 exhalat
996 2297 1092 2336 auram
1103 2284 1178 2335 terra
1190 2280 1244 2336 Sei
1252 2297 1309 2351 op·

161 2369 246 2438 pius.
266 2399 296 2408 -
316 2372 333 2422 4
355 2369 510 2423 humectam
524 2367 594 2436 fort.
613 2365 665 2420 dal.
684 2396 718 2405 -
736 2371 750 2420 5
770 2370 798 2422 et
820 2368 897 2422 udor.
932 2367 957 2422 is
975 2367 1008 2431 si]
1033 2370 1061 2421 et
1084 2365 1202 2420 udorieei
1226 2373 1310 2422 extra

162 2470 268 2509 omnum
293 2452 338 2521 F¹,
365 2455 402 2519 (et
428 2468 482 2506 non
506 2452 575 2506 satis
597 2455 724 2519 eertum),
749 2451 825 2522 quod
845 2467 883 2506 ex
908 2449 960 2505 boo
984 2451 1060 2504 aolus
1085 2467 1103 2519 p
1130 2451 1256 2505 sonavit.
1276 2481 1310 2492 —

161 2538 293 2607 quamvis]
311 2533 389 2606 ‘fort
408 2552 480 2605 aqua
496 2536 576 2606 iugis,
594 2535 633 2605 of.
652 2537 763 2590 Bentl.
782 2538 818 2591 ad
830 2536 927 2591 Horat.
938 2534 1012 2605 ep.I,
1025 2538 1064 2602 15,
1077 2529 1119 2588 16’
1137 2533 1209 2605 LSp.
1232 2535 1309 2605 conf.

162 2613 446 2691 therentianum
464 2621 583 2690 Haupt
594 2620 686 2675 Herm.
696 2621 804 2686 111866)
816 2637 844 2690 p.
855 2624 913 2674 260.
941 2621 1011 2674 udor
1023 2623 1051 2673 et
1063 2619 1087 2673 si
1099 2634 1185 2688 aquae
1203 2619 1243 2674 vis
1262 2621 1309 2675 de·

163 2724 255 2764 orsum
267 2706 384 2760 Brink,
411 2706 471 2760 issi
488 2705 643 2760 manaverit
660 2706 685 2759 d.
704 2705 733 2759 in
750 2710 851 2760 terram
864 2705 990 2774 Christ.
1018 2705 1056 2774 of.
1070 2704 1192 2759 Reiter
1203 2708 1308 2774 quaest.

163 2810 190 2862 p.
203 2798 260 2848 119.
272 2822 305 2832 -
322 2795 423 2846 terram
440 2791 542 2862 Vp.—
561 2794 576 2844 6
594 2790 692 2845 rammi
709 2789 741 2843 F.
752 2821 784 2830 -
801 2789 894 2860 potius
912 2788 995 2859 quod]
1013 2789 1104 2857 potine
1122 2804 1139 2842 a
1156 2793 1225 2859 potu
1237 2791 1310 2859 quod

163 2878 321 2932 Brinh-
341 2876 450 2931 eolisF.
469 2876 543 2946 conf.
553 2876 901 2946 Aug.Mhllerp.30.—
920 2880 933 2927 1
953 2870 1094 2943 notabor]
1112 2875 1311 2945 Buttmann,

162 2967 291 3032 potamon
308 2961 332 3016 F
351 2966 378 3027 (a
395 2963 424 3015 in
441 2966 516 3029 rost,
536 2961 631 3030 GHV,
653 2966 782 3032 palemon
799 2960 838 3027 M,
855 2976 989 3030 pacamon
1006 2960 1049 3028 bc,
1067 2963 1195 3029 potamen
1213 2976 1238 3028 a,
1257 2955 1311 3016 τὸν

164 3045 274 3105 abbrev
291 3050 340 3103 καὶ
357 3047 487 3117 mortuno
504 3049 536 3102 B.
564 3047 654 3102 locun.
672 3046 812 3101 Laetus.
824 3074 858 3083 -
870 3040 1006 3102 attenua
1022 3049 1099 3114 potul
1112 3045 1311 3113 Buttmann,

162 3138 263 3202 potura
280 3136 348 3202 potu
366 3132 548 3201 FMVabc,
570 3135 670 3201 potura
687 3135 783 3201 potum
796 3130 868 3185 GH.
904 3133 1005 3200 apoto
1022 3130 1074 3184 dal.
1092 3130 1215 3197 Brink,
1231 3146 1310 3199 quem

162 3224 271 3275 secutus
288 3235 355 3274 sum.
374 3249 408 3257 -
425 3218 528 3292 φρέαρ]
547 3215 737 3285 Victorius,
764 3211 828 3276 ΦΡΟ
845 3214 869 3268 F
887 3230 948 3268 oum
965 3216 1040 3278 aliis,
1065 3215 1155 3270 laeuo.
1173 3214 1308 3269 Laetus.

163 3333 197 3344 -
220 3308 235 3359 8
254 3307 295 3367 nt]
314 3320 365 3358 om.
384 3303 424 3371 M,
447 3304 584 3358 Laetus.
618 3302 707 3371 facila
730 3301 850 3356 aonides
866 3305 898 3356 ut
915 3302 1033 3369 [putanti
1053 3299 1116 3355 coll.
1135 3300 1152 3367 §
1170 3302 1201 3352 23
1220 3298 1257 3352 al.
1275 3329 1311 3338 -

162 3388 305 3451 incircum]
330 3387 385 3442 sint
411 3387 514 3441 circum
536 3387 677 3442 Laetus.
717 3387 793 3455 conf.
817 3386 938 3442 Reiter
962 3386 1066 3454 quaest.
1091 3399 1118 3452 p.
1138 3388 1169 3436 10
1193 3387 1250 3438 not
1275 3413 1310 3424 -

164 3476 180 3526 9
204 3471 308 3541 putidis
325 3488 353 3541 p.
371 3501 405 3510 -
423 3471 562 3536 odoribus]
586 3473 654 3527 odor
676 3471 716 3526 ibi
732 3471 865 3526 Muller.
890 3501 923 3510 -
949 3475 979 3526 10
1004 3485 1069 3538 sepe
1085 3469 1118 3523 F.
1141 3498 1176 3506 —
1197 3465 1308 3537 oppida]

163 3552 241 3625 ‘fort
260 3551 403 3626 oppidum’
421 3555 493 3624 LSp.
511 3582 545 3592 -
564 3571 582 3611 a
598 3556 698 3624 puteis]
716 3556 818 3610 rectius
835 3557 913 3611 absit.
931 3585 965 3596 -
984 3560 1013 3609 11
1032 3553 1133 3622 potius]
1152 3551 1223 3607 forte
1242 3550 1308 3606 GH.

165 3671 196 3680 -
218 3645 249 3696 12
273 3639 413 3709 puticulae
430 3635 510 3709 ‘fort
528 3636 588 3695 del?
608 3640 679 3711 LSp.
698 3669 732 3680 -
752 3645 782 3696 13
801 3639 933 3708 exquiliae
957 3638 1009 3694 boo
1032 3637 1091 3692 loeo
1109 3637 1142 3704 F,
1160 3641 1310 3707 praeterea

162 3742 271 3798 semper
283 3724 421 3794 esquiliae.
439 3719 489 3794 (σί.
503 3724 560 3780 Th.
573 3726 603 3779 M
612 3741 757 3780 ommsen
769 3725 798 3779 in
810 3723 879 3779 aetia
891 3724 969 3778 acad.
981 3723 1071 3778 Berol.
1085 3737 1110 3777 a.
1126 3724 1191 3776 1868
1203 3736 1230 3788 p.
1246 3719 1308 3775 172’

165 3812 282 3867 Groth
318 3808 386 3863 mibi
408 3809 517 3863 omnino
535 3809 569 3864 ab
593 3809 648 3864 alio
666 3808 761 3864 addita
777 3808 904 3863 videntur
921 3807 988 3862 laec
1009 3808 1090 3863 verba
1107 3806 1155 3874 qui
1170 3805 1224 3860 loe.
1242 3806 1309 3875 pub.

164 3897 238 3951 ultra
256 3893 408 3963 Exquilias.
427 3924 461 3932 -
478 3893 625 3963 putiluoosl
644 3893 814 3963 Scaliger,
833 3893 968 3949 cuticulae
980 3892 1080 3959 libri,
1097 3891 1264 3960 putiluculor
1277 3891 1309 3960 B,

164 3981 301 4049 puticulos
324 3979 463 4034 Laetus.
490 3978 568 4049 conf.
592 3978 690 4034 Ribb.
717 3995 786 4035 com.
805 3979 853 4033 fr.²
869 3996 897 4048 p.
917 3981 975 4032 220.
1002 4007 1035 4016 -
1061 3982 1092 4031 14
1111 3976 1265 4046 eueeipinnt
1281 3993 1310 4046 p,

167 4098 357 4154 Turnebus.
392 4096 510 4170 puticuli
531 4076 692 4168 &cadavera
707 4096 878 4168 prospiciunt
893 4097 993 4166 glosa.
1014 4094 1132 4150 Salem.
1147 4111 1242 4167 -per
1258 4112 1309 4168 pn-

164 4186 234 4248 teoe]
253 4184 376 4252 (iroth,
393 4187 541 4254 perpetuos
559 4184 582 4238 F
600 4200 661 4238 conr
679 4183 751 4251 aliis,
768 4184 929 4252 perpetuum
947 4195 973 4249 a,
989 4185 1103 4251 propter
1120 4180 1159 4248 Μ,
1176 4185 1309 4252 perpetuo

166 4266 307 4322 Laetae.
326 4297 360 4308 -
375 4267 477 4333 lumen]
494 4268 596 4326 flumen
615 4267 805 4323 Turnebus.
